symbol_id,time_exchange,time_coinapi,ask_price,ask_size,bid_price,bid_size
BITSTAMP_SPOT_BTC_USD,2022-02-28T00:00:00.2170000Z,2022-02-28T00:00:00.2416777Z,37726.29,0.016,37697.97,0.05
BITSTAMP_SPOT_BTC_USD,2022-02-28T00:00:00.2970000Z,2022-02-28T00:00:00.3097878Z,37726.3,0.76620573,37697.97,0.05
BITSTAMP_SPOT_BTC_USD,2022-02-28T00:00:00.5030000Z,2022-02-28T00:00:00.5165177Z,37726.3,0.76620573,37697.98,0.1
BITSTAMP_SPOT_BTC_USD,2022-02-28T00:00:01.8980000Z,2022-02-28T00:00:01.9116455Z,37726.29,0.016,37697.98,0.1
BITSTAMP_SPOT_BTC_USD,2022-02-28T00:00:02.0060000Z,2022-02-28T00:00:02.0247879Z,37726.3,0.76620573,37697.98,0.1
BITSTAMP_SPOT_BTC_USD,2022-02-28T00:00:02.2100000Z,2022-02-28T00:00:02.2252772Z,37726.29,0.13244002,37697.98,0.1
BITSTAMP_SPOT_BTC_USD,2022-02-28T00:00:02.2980000Z,2022-02-28T00:00:02.3113793Z,37726.3,0.76620573,37697.37,0.04052275
BITSTAMP_SPOT_BTC_USD,2022-02-28T00:00:02.4100000Z,2022-02-28T00:00:02.4298087Z,37726.29,0.016,37697.37,0.04052275
BITSTAMP_SPOT_BTC_USD,2022-02-28T00:00:02.4970000Z,2022-02-28T00:00:02.5108195Z,37726.3,0.76620573,37697.37,0.04052275
BITSTAMP_SPOT_BTC_USD,2022-02-28T00:00:02.6040000Z,2022-02-28T00:00:02.6354914Z,37726.3,0.76620573,37697.38,0.1
BITSTAMP_SPOT_BTC_USD,2022-02-28T00:00:02.8970000Z,2022-02-28T00:00:02.9103428Z,37726.3,0.76620573,37697.37,0.04052275
BITSTAMP_SPOT_BTC_USD,2022-02-28T00:00:03.1000000Z,2022-02-28T00:00:03.1141037Z,37726.3,0.76620573,37697.38,0.23217908
BITSTAMP_SPOT_BTC_USD,2022-02-28T00:00:03.2050000Z,2022-02-28T00:00:03.2248309Z,37726.3,0.76620573,37697.37,0.04052275
BITSTAMP_SPOT_BTC_USD,2022-02-28T00:00:03.2970000Z,2022-02-28T00:00:03.3098913Z,37726.3,0.76620573,37697.29,0.16563029
BITSTAMP_SPOT_BTC_USD,2022-02-28T00:00:03.4980000Z,2022-02-28T00:00:03.5103336Z,37726.3,0.76620573,37697.37,0.13252774
BITSTAMP_SPOT_BTC_USD,2022-02-28T00:00:03.6080000Z,2022-02-28T00:00:03.6244611Z,37726.3,0.76620573,37697.29,0.16563029
BITSTAMP_SPOT_BTC_USD,2022-02-28T00:00:04.2180000Z,2022-02-28T00:00:04.2349422Z,37726.3,0.76620573,37697.3,0.1
BITSTAMP_SPOT_BTC_USD,2022-02-28T00:00:04.6010000Z,2022-02-28T00:00:04.6237097Z,37726.29,0.016,37697.29,0.16563029
BITSTAMP_SPOT_BTC_USD,2022-02-28T00:00:04.8020000Z,2022-02-28T00:00:04.8245386Z,37726.29,0.016,37697.3,0.13212535
BITSTAMP_SPOT_BTC_USD,2022-02-28T00:00:04.8970000Z,2022-02-28T00:00:04.9100849Z,37726.29,0.016,37697.29,0.16563029
BITSTAMP_SPOT_BTC_USD,2022-02-28T00:00:05.0970000Z,2022-02-28T00:00:05.1109101Z,37726.29,0.016,37697.3,0.1
BITSTAMP_SPOT_BTC_USD,2022-02-28T00:00:05.2050000Z,2022-02-28T00:00:05.2275111Z,37726.3,0.78220573,37697.3,0.1
BITSTAMP_SPOT_BTC_USD,2022-02-28T00:00:05.3010000Z,2022-02-28T00:00:05.3154920Z,37726.3,0.76620573,37697.3,0.1
BITSTAMP_SPOT_BTC_USD,2022-02-28T00:00:05.4010000Z,2022-02-28T00:00:05.4225609Z,37726.29,0.13247575,37697.29,0.16563029
BITSTAMP_SPOT_BTC_USD,2022-02-28T00:00:05.5090000Z,2022-02-28T00:00:05.5216384Z,37726.3,0.76620573,37697.29,0.16563029
BITSTAMP_SPOT_BTC_USD,2022-02-28T00:00:05.6020000Z,2022-02-28T00:00:05.6239930Z,37726.3,0.76620573,37697.3,0.13243643
BITSTAMP_SPOT_BTC_USD,2022-02-28T00:00:05.6970000Z,2022-02-28T00:00:05.7115544Z,37726.3,0.76620573,37697.29,0.16563029
BITSTAMP_SPOT_BTC_USD,2022-02-28T00:00:05.8970000Z,2022-02-28T00:00:05.9102442Z,37726.3,0.76620573,37697.3,0.12
BITSTAMP_SPOT_BTC_USD,2022-02-28T00:00:06.0050000Z,2022-02-28T00:00:06.0315894Z,37726.3,0.76620573,37697.31,0.02
BITSTAMP_SPOT_BTC_USD,2022-02-28T00:00:06.0970000Z,2022-02-28T00:00:06.1102336Z,37726.3,0.76620573,37697.32,0.1
BITSTAMP_SPOT_BTC_USD,2022-02-28T00:00:06.2050000Z,2022-02-28T00:00:06.2271817Z,37726.3,0.76620573,37697.33,0.02
BITSTAMP_SPOT_BTC_USD,2022-02-28T00:00:06.2990000Z,2022-02-28T00:00:06.3123862Z,37726.3,0.76620573,37697.34,0.1
BITSTAMP_SPOT_BTC_USD,2022-02-28T00:00:06.4100000Z,2022-02-28T00:00:06.4337795Z,37726.3,0.76620573,37697.29,0.16563029
BITSTAMP_SPOT_BTC_USD,2022-02-28T00:00:06.4980000Z,2022-02-28T00:00:06.5097468Z,37726.3,0.76620573,37697.29,0.2045624
BITSTAMP_SPOT_BTC_USD,2022-02-28T00:00:06.6050000Z,2022-02-28T00:00:06.6552108Z,37726.3,0.76620573,37697.31,0.1
BITSTAMP_SPOT_BTC_USD,2022-02-28T00:00:06.8030000Z,2022-02-28T00:00:06.8265238Z,37726.3,0.76620573,37697.32,0.05
BITSTAMP_SPOT_BTC_USD,2022-02-28T00:00:06.8970000Z,2022-02-28T00:00:06.9105512Z,37726.3,0.76620573,37697.33,0.1
BITSTAMP_SPOT_BTC_USD,2022-02-28T00:00:07.0030000Z,2022-02-28T00:00:07.0264041Z,37726.3,0.76620573,37697.32,0.05
BITSTAMP_SPOT_BTC_USD,2022-02-28T00:00:07.4980000Z,2022-02-28T00:00:07.5110687Z,37726.3,0.76620573,37697.33,0.1
BITSTAMP_SPOT_BTC_USD,2022-02-28T00:00:07.6010000Z,2022-02-28T00:00:07.6222311Z,37726.3,0.76620573,37697.32,0.05
BITSTAMP_SPOT_BTC_USD,2022-02-28T00:00:07.6970000Z,2022-02-28T00:00:07.7103631Z,37726.3,0.76620573,37697.33,0.1
BITSTAMP_SPOT_BTC_USD,2022-02-28T00:00:08.0970000Z,2022-02-28T00:00:08.1101700Z,37726.3,0.76620573,37697.34,0.05
BITSTAMP_SPOT_BTC_USD,2022-02-28T00:00:08.2980000Z,2022-02-28T00:00:08.3120531Z,37726.3,0.76620573,37697.35,0.1
BITSTAMP_SPOT_BTC_USD,2022-02-28T00:00:08.4120000Z,2022-02-28T00:00:08.4355186Z,37726.3,0.76620573,37697.36,0.05
BITSTAMP_SPOT_BTC_USD,2022-02-28T00:00:08.4970000Z,2022-02-28T00:00:08.5108501Z,37726.3,0.76620573,37697.37,0.1
BITSTAMP_SPOT_BTC_USD,2022-02-28T00:00:08.6080000Z,2022-02-28T00:00:08.6234653Z,37726.3,0.76620573,37697.38,0.05
BITSTAMP_SPOT_BTC_USD,2022-02-28T00:00:08.7070000Z,2022-02-28T00:00:08.7206356Z,37726.3,0.76620573,37697.39,0.1
BITSTAMP_SPOT_BTC_USD,2022-02-28T00:00:08.8020000Z,2022-02-28T00:00:08.8238040Z,37726.3,0.76620573,37697.4,0.05
BITSTAMP_SPOT_BTC_USD,2022-02-28T00:00:09.0160000Z,2022-02-28T00:00:09.0510480Z,37726.3,0.76620573,37697.41,0.1
BITSTAMP_SPOT_BTC_USD,2022-02-28T00:00:09.0980000Z,2022-02-28T00:00:09.1117704Z,37726.3,0.76620573,37697.42,0.05
BITSTAMP_SPOT_BTC_USD,2022-02-28T00:00:09.2050000Z,2022-02-28T00:00:09.2315297Z,37726.3,0.76620573,37697.43,0.1
BITSTAMP_SPOT_BTC_USD,2022-02-28T00:00:09.2970000Z,2022-02-28T00:00:09.3094851Z,37726.3,0.76620573,37697.44,0.05
BITSTAMP_SPOT_BTC_USD,2022-02-28T00:00:09.4020000Z,2022-02-28T00:00:09.4245475Z,37726.3,0.76620573,37701.86,0.39716943
BITSTAMP_SPOT_BTC_USD,2022-02-28T00:00:09.6040000Z,2022-02-28T00:00:09.6466473Z,37726.3,0.76620573,37701.84,0.05
BITSTAMP_SPOT_BTC_USD,2022-02-28T00:00:09.7000000Z,2022-02-28T00:00:09.7125841Z,37726.3,0.76620573,37709.59,0.16563466
BITSTAMP_SPOT_BTC_USD,2022-02-28T00:00:10.4010000Z,2022-02-28T00:00:10.4201990Z,37726.3,0.19015898,37709.59,0.16563466
BITSTAMP_SPOT_BTC_USD,2022-02-28T00:00:12.2980000Z,2022-02-28T00:00:12.3116668Z,37726.3,0.19015898,37703.27,0.05
BITSTAMP_SPOT_BTC_USD,2022-02-28T00:00:12.4030000Z,2022-02-28T00:00:12.4216860Z,37726.3,0.19015898,37707.39,0.16521208
BITSTAMP_SPOT_BTC_USD,2022-02-28T00:00:12.6010000Z,2022-02-28T00:00:12.6338195Z,37726.29,0.1856239,37707.39,0.16521208
BITSTAMP_SPOT_BTC_USD,2022-02-28T00:00:12.6970000Z,2022-02-28T00:00:12.7090211Z,37726.28,0.39465569,37707.39,0.16521208
BITSTAMP_SPOT_BTC_USD,2022-02-28T00:00:13.4980000Z,2022-02-28T00:00:13.5110992Z,37726.27,0.016,37697.77,0.03
BITSTAMP_SPOT_BTC_USD,2022-02-28T00:00:13.6070000Z,2022-02-28T00:00:13.6377396Z,37726.27,0.05850476,37706.69,0.16524217
BITSTAMP_SPOT_BTC_USD,2022-02-28T00:00:13.7000000Z,2022-02-28T00:00:13.7139509Z,37726.25,0.016,37697.26,0.39706781
BITSTAMP_SPOT_BTC_USD,2022-02-28T00:00:13.8030000Z,2022-02-28T00:00:13.8294057Z,37726.24,0.04250476,37697.59,0.16566777
BITSTAMP_SPOT_BTC_USD,2022-02-28T00:00:13.8970000Z,2022-02-28T00:00:13.9102424Z,37726.24,0.05850476,37697.59,0.16566777
BITSTAMP_SPOT_BTC_USD,2022-02-28T00:00:14.0100000Z,2022-02-28T00:00:14.0416568Z,37726.23,0.1,37697.59,0.16566777
BITSTAMP_SPOT_BTC_USD,2022-02-28T00:00:14.0970000Z,2022-02-28T00:00:14.1102599Z,37726.22,0.05850476,37697.59,0.16566777
BITSTAMP_SPOT_BTC_USD,2022-02-28T00:00:14.2030000Z,2022-02-28T00:00:14.2338173Z,37726.21,0.1,37697.59,0.16566777
BITSTAMP_SPOT_BTC_USD,2022-02-28T00:00:14.2980000Z,2022-02-28T00:00:14.3127861Z,37726.2,0.05850476,37697.59,0.16566777
BITSTAMP_SPOT_BTC_USD,2022-02-28T00:00:14.4090000Z,2022-02-28T00:00:14.4418636Z,37726.18,0.016,37697.59,0.16566777
BITSTAMP_SPOT_BTC_USD,2022-02-28T00:00:14.4970000Z,2022-02-28T00:00:14.5100011Z,37726.17,0.04250476,37697.59,0.16566777
BITSTAMP_SPOT_BTC_USD,2022-02-28T00:00:14.6080000Z,2022-02-28T00:00:14.6594594Z,37726.16,0.016,37697.59,0.16566777
BITSTAMP_SPOT_BTC_USD,2022-02-28T00:00:14.6980000Z,2022-02-28T00:00:14.7096538Z,37726.19,0.18998905,37697.59,0.16566777
BITSTAMP_SPOT_BTC_USD,2022-02-28T00:00:14.8090000Z,2022-02-28T00:00:14.8287591Z,37726.14,0.016,37697.59,0.16566777
BITSTAMP_SPOT_BTC_USD,2022-02-28T00:00:14.8970000Z,2022-02-28T00:00:14.9104417Z,37726.13,0.04250476,37697.59,0.16566777
BITSTAMP_SPOT_BTC_USD,2022-02-28T00:00:15.0020000Z,2022-02-28T00:00:15.0273701Z,37726.12,0.016,37697.59,0.16566777
BITSTAMP_SPOT_BTC_USD,2022-02-28T00:00:15.0980000Z,2022-02-28T00:00:15.1107869Z,37726.11,0.04250476,37697.59,0.16566777
BITSTAMP_SPOT_BTC_USD,2022-02-28T00:00:15.2370000Z,2022-02-28T00:00:15.2506812Z,37726.1,0.016,37697.59,0.16566777
BITSTAMP_SPOT_BTC_USD,2022-02-28T00:00:15.2970000Z,2022-02-28T00:00:15.3090374Z,37726.09,0.04250476,37697.59,0.16566777
BITSTAMP_SPOT_BTC_USD,2022-02-28T00:00:15.4090000Z,2022-02-28T00:00:15.4352412Z,37726.08,0.38822289,37697.59,0.16566777
BITSTAMP_SPOT_BTC_USD,2022-02-28T00:00:15.4970000Z,2022-02-28T00:00:15.5105880Z,37726.07,0.05850476,37697.59,0.16566777
BITSTAMP_SPOT_BTC_USD,2022-02-28T00:00:15.6070000Z,2022-02-28T00:00:15.6425048Z,37726.06,0.1,37691.01,0.18659209
BITSTAMP_SPOT_BTC_USD,2022-02-28T00:00:15.6980000Z,2022-02-28T00:00:15.7105007Z,37726.05,0.04250476,37696.69,0.16573589
BITSTAMP_SPOT_BTC_USD,2022-02-28T00:00:16.4080000Z,2022-02-28T00:00:16.4321680Z,37726.03,0.016,37696.69,0.16573589
BITSTAMP_SPOT_BTC_USD,2022-02-28T00:00:16.4980000Z,2022-02-28T00:00:16.5102853Z,37726.02,0.04250476,37696.69,0.16573589
BITSTAMP_SPOT_BTC_USD,2022-02-28T00:00:16.6180000Z,2022-02-28T00:00:16.6448014Z,37726.02,0.04250476,37696.7,0.1
BITSTAMP_SPOT_BTC_USD,2022-02-28T00:00:17.6100000Z,2022-02-28T00:00:17.6292274Z,37726.06,0.04250476,37696.7,0.1
BITSTAMP_SPOT_BTC_USD,2022-02-28T00:00:17.8110000Z,2022-02-28T00:00:17.8301772Z,37726.07,0.016,37696.7,0.1
BITSTAMP_SPOT_BTC_USD,2022-02-28T00:00:17.8990000Z,2022-02-28T00:00:17.9162921Z,37726.08,0.37222289,37696.7,0.1
BITSTAMP_SPOT_BTC_USD,2022-02-28T00:00:18.4970000Z,2022-02-28T00:00:18.5103581Z,37726.08,0.37222289,37696.7,0.02
BITSTAMP_SPOT_BTC_USD,2022-02-28T00:00:18.6060000Z,2022-02-28T00:00:18.6292352Z,37726.08,0.37222289,37696.71,0.1
BITSTAMP_SPOT_BTC_USD,2022-02-28T00:00:18.8100000Z,2022-02-28T00:00:18.8283198Z,37726.08,0.37222289,37696.72,0.02
BITSTAMP_SPOT_BTC_USD,2022-02-28T00:00:18.8970000Z,2022-02-28T00:00:18.9100874Z,37726.08,0.37222289,37696.73,0.1
BITSTAMP_SPOT_BTC_USD,2022-02-28T00:00:19.0020000Z,2022-02-28T00:00:19.0359914Z,37726.08,0.37222289,37696.74,0.02
BITSTAMP_SPOT_BTC_USD,2022-02-28T00:00:19.0980000Z,2022-02-28T00:00:19.1111227Z,37726.08,0.37222289,37696.75,0.1
BITSTAMP_SPOT_BTC_USD,2022-02-28T00:00:19.2060000Z,2022-02-28T00:00:19.2293872Z,37726.08,0.37222289,37696.76,0.02
BITSTAMP_SPOT_BTC_USD,2022-02-28T00:00:19.2980000Z,2022-02-28T00:00:19.3100300Z,37726.08,0.37222289,37696.77,0.1
BITSTAMP_SPOT_BTC_USD,2022-02-28T00:00:19.4090000Z,2022-02-28T00:00:19.4310077Z,37726.08,0.37222289,37696.69,0.16573589
BITSTAMP_SPOT_BTC_USD,2022-02-28T00:00:19.4980000Z,2022-02-28T00:00:19.5123925Z,37726.08,0.37222289,37696.75,0.13247542
BITSTAMP_SPOT_BTC_USD,2022-02-28T00:00:19.6020000Z,2022-02-28T00:00:19.6235313Z,37726.07,0.1,37696.69,0.16573589
BITSTAMP_SPOT_BTC_USD,2022-02-28T00:00:19.8030000Z,2022-02-28T00:00:19.8371330Z,37726.08,0.37222289,37696.69,0.16573589
BITSTAMP_SPOT_BTC_USD,2022-02-28T00:00:20.0080000Z,2022-02-28T00:00:20.0285017Z,37726.08,0.37222289,37696.7,0.02
BITSTAMP_SPOT_BTC_USD,2022-02-28T00:00:20.2010000Z,2022-02-28T00:00:20.2273347Z,37726.08,0.37222289,37696.71,0.1
BITSTAMP_SPOT_BTC_USD,2022-02-28T00:00:20.3030000Z,2022-02-28T00:00:20.3166453Z,37726.08,0.37222289,37696.72,0.02
BITSTAMP_SPOT_BTC_USD,2022-02-28T00:00:20.4030000Z,2022-02-28T00:00:20.4298771Z,37726.08,0.37222289,37696.73,0.1
BITSTAMP_SPOT_BTC_USD,2022-02-28T00:00:20.4980000Z,2022-02-28T00:00:20.5110859Z,37726.08,0.37222289,37696.74,0.02
BITSTAMP_SPOT_BTC_USD,2022-02-28T00:00:20.6340000Z,2022-02-28T00:00:20.6488825Z,37726.08,0.37222289,37696.76,0.02
BITSTAMP_SPOT_BTC_USD,2022-02-28T00:00:20.8110000Z,2022-02-28T00:00:20.8278192Z,37726.08,0.37222289,37696.77,0.1
BITSTAMP_SPOT_BTC_USD,2022-02-28T00:00:20.8970000Z,2022-02-28T00:00:20.9102058Z,37726.08,0.37222289,37696.78,0.02
BITSTAMP_SPOT_BTC_USD,2022-02-28T00:00:21.0020000Z,2022-02-28T00:00:21.0244129Z,37726.08,0.37222289,37696.79,0.1
BITSTAMP_SPOT_BTC_USD,2022-02-28T00:00:21.0970000Z,2022-02-28T00:00:21.1134390Z,37726.08,0.37222289,37696.81,0.05
BITSTAMP_SPOT_BTC_USD,2022-02-28T00:00:21.2010000Z,2022-02-28T00:00:21.2261131Z,37726.08,0.37222289,37696.82,0.2119
BITSTAMP_SPOT_BTC_USD,2022-02-28T00:00:21.2970000Z,2022-02-28T00:00:21.3093442Z,37726.08,0.37222289,37696.83,0.17
BITSTAMP_SPOT_BTC_USD,2022-02-28T00:00:21.4140000Z,2022-02-28T00:00:21.4323128Z,37726.08,0.37222289,37696.84,0.2119
BITSTAMP_SPOT_BTC_USD,2022-02-28T00:00:21.4970000Z,2022-02-28T00:00:21.5097211Z,37726.08,0.37222289,37696.85,0.17
BITSTAMP_SPOT_BTC_USD,2022-02-28T00:00:21.6050000Z,2022-02-28T00:00:21.6325767Z,37726.08,0.37222289,37696.86,0.2119
BITSTAMP_SPOT_BTC_USD,2022-02-28T00:00:21.6970000Z,2022-02-28T00:00:21.7100651Z,37726.08,0.37222289,37696.87,0.15
BITSTAMP_SPOT_BTC_USD,2022-02-28T00:00:21.8020000Z,2022-02-28T00:00:21.8246762Z,37726.08,0.37222289,37696.88,0.2319
BITSTAMP_SPOT_BTC_USD,2022-02-28T00:00:21.8970000Z,2022-02-28T00:00:21.9102943Z,37726.08,0.37222289,37696.89,0.15
BITSTAMP_SPOT_BTC_USD,2022-02-28T00:00:22.0000000Z,2022-02-28T00:00:22.0239333Z,37726.08,0.37222289,37696.9,0.2119
BITSTAMP_SPOT_BTC_USD,2022-02-28T00:00:22.0970000Z,2022-02-28T00:00:22.1102446Z,37726.08,0.37222289,37696.91,0.15
BITSTAMP_SPOT_BTC_USD,2022-02-28T00:00:22.2230000Z,2022-02-28T00:00:22.2498041Z,37726.08,0.37222289,37700.26,0.39761573
BITSTAMP_SPOT_BTC_USD,2022-02-28T00:00:22.6010000Z,2022-02-28T00:00:22.6200490Z,37726.08,0.37222289,37700.27,0.05
BITSTAMP_SPOT_BTC_USD,2022-02-28T00:00:22.8030000Z,2022-02-28T00:00:22.8212700Z,37726.08,0.37222289,37709.69,0.16535247
BITSTAMP_SPOT_BTC_USD,2022-02-28T00:00:24.0970000Z,2022-02-28T00:00:24.1110304Z,37726.08,0.37222289,37700.29,0.19116631
BITSTAMP_SPOT_BTC_USD,2022-02-28T00:00:24.2020000Z,2022-02-28T00:00:24.2263038Z,37726.08,0.37222289,37708.69,0.16525331
BITSTAMP_SPOT_BTC_USD,2022-02-28T00:00:24.6010000Z,2022-02-28T00:00:24.6269244Z,37726.08,0.37222289,37700.3,0.05
BITSTAMP_SPOT_BTC_USD,2022-02-28T00:00:24.8290000Z,2022-02-28T00:00:24.8449132Z,37726.08,0.37222289,37707.69,0.1652357
BITSTAMP_SPOT_BTC_USD,2022-02-28T00:00:27.6050000Z,2022-02-28T00:00:27.6242297Z,37726.08,0.37222289,37700.29,0.19116631
BITSTAMP_SPOT_BTC_USD,2022-02-28T00:00:27.6980000Z,2022-02-28T00:00:27.7101080Z,37725.21,0.16544784,37700.29,0.19116631
BITSTAMP_SPOT_BTC_USD,2022-02-28T00:00:27.8250000Z,2022-02-28T00:00:27.8428048Z,37726.08,0.37222289,37705.59,0.16532507
BITSTAMP_SPOT_BTC_USD,2022-02-28T00:00:28.0990000Z,2022-02-28T00:00:28.1131589Z,37726.08,0.37222289,37700.29,0.19116631
BITSTAMP_SPOT_BTC_USD,2022-02-28T00:00:28.4100000Z,2022-02-28T00:00:28.4355602Z,37726.08,0.37222289,37701.89,0.16525995
BITSTAMP_SPOT_BTC_USD,2022-02-28T00:00:28.8980000Z,2022-02-28T00:00:28.9114192Z,37726.07,0.016,37701.89,0.16525995
BITSTAMP_SPOT_BTC_USD,2022-02-28T00:00:29.0010000Z,2022-02-28T00:00:29.0217284Z,37726.08,0.37222289,37701.89,0.16525995
BITSTAMP_SPOT_BTC_USD,2022-02-28T00:00:29.2040000Z,2022-02-28T00:00:29.2326005Z,37726.07,0.13250988,37701.89,0.16525995
BITSTAMP_SPOT_BTC_USD,2022-02-28T00:00:29.2980000Z,2022-02-28T00:00:29.3116762Z,37726.08,0.37222289,37701.89,0.16525995
BITSTAMP_SPOT_BTC_USD,2022-02-28T00:00:30.0980000Z,2022-02-28T00:00:30.1108536Z,37726.07,0.13242082,37701.89,0.16525995
BITSTAMP_SPOT_BTC_USD,2022-02-28T00:00:30.2110000Z,2022-02-28T00:00:30.2477427Z,37726.08,0.37222289,37701.89,0.16525995
BITSTAMP_SPOT_BTC_USD,2022-02-28T00:00:30.4050000Z,2022-02-28T00:00:30.4239568Z,37726.07,0.13252565,37701.89,0.16525995
BITSTAMP_SPOT_BTC_USD,2022-02-28T00:00:30.4980000Z,2022-02-28T00:00:30.5114105Z,37726.08,0.37222289,37701.89,0.16525995
BITSTAMP_SPOT_BTC_USD,2022-02-28T00:00:30.6970000Z,2022-02-28T00:00:30.7104998Z,37726.07,0.04351678,37695.05,0.03
BITSTAMP_SPOT_BTC_USD,2022-02-28T00:00:30.8010000Z,2022-02-28T00:00:30.8274097Z,37726.07,0.05951678,37697.39,0.16528318
BITSTAMP_SPOT_BTC_USD,2022-02-28T00:00:31.0080000Z,2022-02-28T00:00:31.0342815Z,37726.05,0.016,37697.39,0.16528318
BITSTAMP_SPOT_BTC_USD,2022-02-28T00:00:31.0970000Z,2022-02-28T00:00:31.1102388Z,37726.04,0.04351678,37697.39,0.16528318
BITSTAMP_SPOT_BTC_USD,2022-02-28T00:00:31.2070000Z,2022-02-28T00:00:31.2417585Z,37726.03,0.1,37697.39,0.16528318
BITSTAMP_SPOT_BTC_USD,2022-02-28T00:00:31.2980000Z,2022-02-28T00:00:31.3099516Z,37726.02,0.05951678,37697.39,0.16528318
BITSTAMP_SPOT_BTC_USD,2022-02-28T00:00:31.4070000Z,2022-02-28T00:00:31.4270216Z,37726.02,0.04351678,37697.39,0.16528318
BITSTAMP_SPOT_BTC_USD,2022-02-28T00:00:31.8050000Z,2022-02-28T00:00:31.8257676Z,37726.08,0.37222289,37697.39,0.16528318
BITSTAMP_SPOT_BTC_USD,2022-02-28T00:00:31.9010000Z,2022-02-28T00:00:31.9173176Z,37726.08,0.37222289,37697.4,0.1
BITSTAMP_SPOT_BTC_USD,2022-02-28T00:00:32.0090000Z,2022-02-28T00:00:32.0290077Z,37726.07,0.04301077,37697.39,0.16528318
BITSTAMP_SPOT_BTC_USD,2022-02-28T00:00:32.0970000Z,2022-02-28T00:00:32.1096703Z,37726.06,0.1,37697.39,0.16528318
BITSTAMP_SPOT_BTC_USD,2022-02-28T00:00:32.4170000Z,2022-02-28T00:00:32.4524152Z,37726.05,0.04301077,37697.39,0.16528318
BITSTAMP_SPOT_BTC_USD,2022-02-28T00:00:32.6100000Z,2022-02-28T00:00:32.6304484Z,37726.04,0.1,37697.39,0.16528318
BITSTAMP_SPOT_BTC_USD,2022-02-28T00:00:33.8030000Z,2022-02-28T00:00:33.8280301Z,37726.03,0.05901077,37697.39,0.16528318
BITSTAMP_SPOT_BTC_USD,2022-02-28T00:00:33.8980000Z,2022-02-28T00:00:33.9109996Z,37726.02,0.1,37697.39,0.16528318
BITSTAMP_SPOT_BTC_USD,2022-02-28T00:00:34.0190000Z,2022-02-28T00:00:34.0387440Z,37726.01,0.05901077,37697.39,0.16528318
BITSTAMP_SPOT_BTC_USD,2022-02-28T00:00:34.0980000Z,2022-02-28T00:00:34.1115851Z,37725.99,0.016,37697.39,0.16528318
BITSTAMP_SPOT_BTC_USD,2022-02-28T00:00:34.2140000Z,2022-02-28T00:00:34.2326607Z,37725.98,0.04301077,37688.86,0.13198315
BITSTAMP_SPOT_BTC_USD,2022-02-28T00:00:34.2970000Z,2022-02-28T00:00:34.3099555Z,37725.97,0.016,37688.03,0.0392106
BITSTAMP_SPOT_BTC_USD,2022-02-28T00:00:34.4030000Z,2022-02-28T00:00:34.4277911Z,37725.53,0.016,37696.49,0.16530789
BITSTAMP_SPOT_BTC_USD,2022-02-28T00:00:34.5030000Z,2022-02-28T00:00:34.5172194Z,37725.52,0.05901077,37685.47,0.23494355
BITSTAMP_SPOT_BTC_USD,2022-02-28T00:00:34.6080000Z,2022-02-28T00:00:34.6343955Z,37725.51,0.1,37694.59,0.16518825
BITSTAMP_SPOT_BTC_USD,2022-02-28T00:00:34.6970000Z,2022-02-28T00:00:34.7102111Z,37724.08,0.5,37694.59,0.16518825
BITSTAMP_SPOT_BTC_USD,2022-02-28T00:00:34.8080000Z,2022-02-28T00:00:34.8301740Z,37724.07,0.15901077,37694.6,0.02
BITSTAMP_SPOT_BTC_USD,2022-02-28T00:00:34.8970000Z,2022-02-28T00:00:34.9105416Z,37724.06,0.016,37694.59,0.16518825
BITSTAMP_SPOT_BTC_USD,2022-02-28T00:00:35.0020000Z,2022-02-28T00:00:35.0242731Z,37724.05,0.14301077,37694.59,0.16518825
BITSTAMP_SPOT_BTC_USD,2022-02-28T00:00:35.0990000Z,2022-02-28T00:00:35.1130566Z,37724.04,0.016,37694.6,0.13231948
BITSTAMP_SPOT_BTC_USD,2022-02-28T00:00:35.2100000Z,2022-02-28T00:00:35.2325949Z,37724.03,0.14301077,37694.59,0.16518825
BITSTAMP_SPOT_BTC_USD,2022-02-28T00:00:35.2970000Z,2022-02-28T00:00:35.3096907Z,37724.02,0.016,37694.59,0.16518825
BITSTAMP_SPOT_BTC_USD,2022-02-28T00:00:35.4020000Z,2022-02-28T00:00:35.4240178Z,37724.01,0.1,37694.59,0.16518825
BITSTAMP_SPOT_BTC_USD,2022-02-28T00:00:35.4980000Z,2022-02-28T00:00:35.5120242Z,37724.03,0.04301077,37694.59,0.16518825
BITSTAMP_SPOT_BTC_USD,2022-02-28T00:00:35.6280000Z,2022-02-28T00:00:35.6476680Z,37723.98,0.016,37694.59,0.16518825
BITSTAMP_SPOT_BTC_USD,2022-02-28T00:00:35.6980000Z,2022-02-28T00:00:35.7103405Z,37723.97,0.04301077,37694.59,0.16518825
BITSTAMP_SPOT_BTC_USD,2022-02-28T00:00:35.8040000Z,2022-02-28T00:00:35.8233708Z,37723.96,0.1,37694.59,0.16518825
BITSTAMP_SPOT_BTC_USD,2022-02-28T00:00:35.8980000Z,2022-02-28T00:00:35.9108325Z,37723.95,0.05901077,37694.59,0.16518825
BITSTAMP_SPOT_BTC_USD,2022-02-28T00:00:36.0040000Z,2022-02-28T00:00:36.0289462Z,37723.94,0.1,37694.59,0.16518825
BITSTAMP_SPOT_BTC_USD,2022-02-28T00:00:36.0980000Z,2022-02-28T00:00:36.1106038Z,37723.93,0.05901077,37694.59,0.16518825
BITSTAMP_SPOT_BTC_USD,2022-02-28T00:00:36.2050000Z,2022-02-28T00:00:36.2217314Z,37723.92,0.1,37694.59,0.16518825
BITSTAMP_SPOT_BTC_USD,2022-02-28T00:00:36.2970000Z,2022-02-28T00:00:36.3120604Z,37723.91,0.04301077,37694.59,0.16518825
BITSTAMP_SPOT_BTC_USD,2022-02-28T00:00:36.4340000Z,2022-02-28T00:00:36.4597511Z,37722.05,0.5,37685.47,0.19602087
BITSTAMP_SPOT_BTC_USD,2022-02-28T00:00:36.4970000Z,2022-02-28T00:00:36.5107574Z,37722.04,0.116,37685.48,0.02
BITSTAMP_SPOT_BTC_USD,2022-02-28T00:00:36.6090000Z,2022-02-28T00:00:36.6355481Z,37717.11,0.16530905,37692.09,0.16566748
BITSTAMP_SPOT_BTC_USD,2022-02-28T00:00:36.6980000Z,2022-02-28T00:00:36.7118401Z,37717.1,0.77368949,37692.09,0.16566748
BITSTAMP_SPOT_BTC_USD,2022-02-28T00:00:37.0030000Z,2022-02-28T00:00:37.0235883Z,37717.1,0.76752949,37692.09,0.16566748
BITSTAMP_SPOT_BTC_USD,2022-02-28T00:00:37.2210000Z,2022-02-28T00:00:37.2444909Z,37717.1,0.89999197,37692.09,0.16566748
BITSTAMP_SPOT_BTC_USD,2022-02-28T00:00:37.2970000Z,2022-02-28T00:00:37.3104645Z,37717.1,0.76752949,37692.09,0.16566748
BITSTAMP_SPOT_BTC_USD,2022-02-28T00:00:37.4970000Z,2022-02-28T00:00:37.5108967Z,37717.1,0.89975917,37692.09,0.16566748
BITSTAMP_SPOT_BTC_USD,2022-02-28T00:00:37.6010000Z,2022-02-28T00:00:37.6190799Z,37717.1,0.76752949,37692.09,0.16566748
BITSTAMP_SPOT_BTC_USD,2022-02-28T00:00:37.6980000Z,2022-02-28T00:00:37.7115152Z,37717.09,0.55137004,37692.09,0.16566748
BITSTAMP_SPOT_BTC_USD,2022-02-28T00:00:38.0070000Z,2022-02-28T00:00:38.0378487Z,37717.08,0.016,37692.09,0.16566748
BITSTAMP_SPOT_BTC_USD,2022-02-28T00:00:38.6260000Z,2022-02-28T00:00:38.6547912Z,37717.07,0.04301077,37685.47,0.19602087
BITSTAMP_SPOT_BTC_USD,2022-02-28T00:00:38.6970000Z,2022-02-28T00:00:38.7102282Z,37717.06,0.1,37690.79,0.165193
BITSTAMP_SPOT_BTC_USD,2022-02-28T00:00:38.8010000Z,2022-02-28T00:00:38.8346079Z,37717.05,0.04301077,37685.39,0.19873846
BITSTAMP_SPOT_BTC_USD,2022-02-28T00:00:38.8980000Z,2022-02-28T00:00:38.9100600Z,37717.03,0.016,37685.39,0.19873846
BITSTAMP_SPOT_BTC_USD,2022-02-28T00:00:39.0280000Z,2022-02-28T00:00:39.0526951Z,37717.02,0.14301077,37685.39,0.19873846
BITSTAMP_SPOT_BTC_USD,2022-02-28T00:00:39.0980000Z,2022-02-28T00:00:39.1113192Z,37717.01,0.016,37685.39,0.19873846
BITSTAMP_SPOT_BTC_USD,2022-02-28T00:00:39.2060000Z,2022-02-28T00:00:39.2237583Z,37717.0,0.14301077,37685.39,0.19873846
BITSTAMP_SPOT_BTC_USD,2022-02-28T00:00:39.2980000Z,2022-02-28T00:00:39.3207094Z,37716.99,0.016,37685.39,0.19873846
BITSTAMP_SPOT_BTC_USD,2022-02-28T00:00:39.4050000Z,2022-02-28T00:00:39.4316018Z,37716.98,0.14301077,37684.7,0.85
BITSTAMP_SPOT_BTC_USD,2022-02-28T00:00:39.4980000Z,2022-02-28T00:00:39.5118345Z,37716.43,0.39765649,37684.7,0.85
BITSTAMP_SPOT_BTC_USD,2022-02-28T00:00:39.6140000Z,2022-02-28T00:00:39.6337686Z,37712.56,0.5,37684.7,0.85
BITSTAMP_SPOT_BTC_USD,2022-02-28T00:00:39.6980000Z,2022-02-28T00:00:39.7105723Z,37712.55,0.05901077,37684.7,0.85
BITSTAMP_SPOT_BTC_USD,2022-02-28T00:00:39.8100000Z,2022-02-28T00:00:39.8381480Z,37707.61,0.16528458,37684.7,0.85
BITSTAMP_SPOT_BTC_USD,2022-02-28T00:00:40.0040000Z,2022-02-28T00:00:40.0251067Z,37707.6,0.38988386,37684.7,0.85
BITSTAMP_SPOT_BTC_USD,2022-02-28T00:00:40.2060000Z,2022-02-28T00:00:40.2234396Z,37707.59,0.04301077,37684.7,0.85
BITSTAMP_SPOT_BTC_USD,2022-02-28T00:00:40.2970000Z,2022-02-28T00:00:40.3111403Z,37707.58,0.37770493,37684.7,0.85
BITSTAMP_SPOT_BTC_USD,2022-02-28T00:00:40.4210000Z,2022-02-28T00:00:40.4530805Z,37707.57,0.04301077,37684.7,0.85
BITSTAMP_SPOT_BTC_USD,2022-02-28T00:00:40.8980000Z,2022-02-28T00:00:40.9121904Z,37707.56,0.39158532,37684.7,0.85
BITSTAMP_SPOT_BTC_USD,2022-02-28T00:00:41.8010000Z,2022-02-28T00:00:41.8583293Z,37707.03,0.5,37684.7,0.85
BITSTAMP_SPOT_BTC_USD,2022-02-28T00:00:42.4040000Z,2022-02-28T00:00:42.4222137Z,37707.56,0.39158532,37684.7,0.85
BITSTAMP_SPOT_BTC_USD,2022-02-28T00:00:42.6140000Z,2022-02-28T00:00:42.6466850Z,37707.55,0.04301077,37684.7,0.85
BITSTAMP_SPOT_BTC_USD,2022-02-28T00:00:43.6090000Z,2022-02-28T00:00:43.6455986Z,37707.56,0.39158532,37684.7,0.85
BITSTAMP_SPOT_BTC_USD,2022-02-28T00:00:43.8030000Z,2022-02-28T00:00:43.8244555Z,37707.55,0.1323773,37684.7,0.85
BITSTAMP_SPOT_BTC_USD,2022-02-28T00:00:43.8980000Z,2022-02-28T00:00:43.9116929Z,37707.56,0.39158532,37684.7,0.85
BITSTAMP_SPOT_BTC_USD,2022-02-28T00:00:44.6030000Z,2022-02-28T00:00:44.6236870Z,37707.56,0.52386619,37684.7,0.85
BITSTAMP_SPOT_BTC_USD,2022-02-28T00:00:45.2970000Z,2022-02-28T00:00:45.3103436Z,37707.56,0.39158532,37684.7,0.85
BITSTAMP_SPOT_BTC_USD,2022-02-28T00:00:47.8010000Z,2022-02-28T00:00:47.8173204Z,37707.56,0.39158532,37684.7,0.85
BITSTAMP_SPOT_BTC_USD,2022-02-28T00:00:48.0970000Z,2022-02-28T00:00:48.1108616Z,37707.56,0.39158532,37684.71,0.02
BITSTAMP_SPOT_BTC_USD,2022-02-28T00:00:48.2030000Z,2022-02-28T00:00:48.2257362Z,37707.56,0.39158532,37684.7,0.85
BITSTAMP_SPOT_BTC_USD,2022-02-28T00:00:48.4970000Z,2022-02-28T00:00:48.5132317Z,37707.56,0.39158532,37684.71,0.02
BITSTAMP_SPOT_BTC_USD,2022-02-28T00:00:48.6040000Z,2022-02-28T00:00:48.6349242Z,37707.6,0.38988386,37684.71,0.02
BITSTAMP_SPOT_BTC_USD,2022-02-28T00:00:48.7000000Z,2022-02-28T00:00:48.7131693Z,37707.6,0.38988386,37684.72,0.05
BITSTAMP_SPOT_BTC_USD,2022-02-28T00:00:48.8980000Z,2022-02-28T00:00:48.9105641Z,37707.6,0.38988386,37684.74,0.02
BITSTAMP_SPOT_BTC_USD,2022-02-28T00:00:49.0140000Z,2022-02-28T00:00:49.0479720Z,37707.6,0.38988386,37684.75,0.1
BITSTAMP_SPOT_BTC_USD,2022-02-28T00:00:49.0970000Z,2022-02-28T00:00:49.1098135Z,37707.6,0.19409003,37684.71,0.13199696
BITSTAMP_SPOT_BTC_USD,2022-02-28T00:00:49.2100000Z,2022-02-28T00:00:49.2281510Z,37707.6,0.19409003,37684.77,0.1
BITSTAMP_SPOT_BTC_USD,2022-02-28T00:00:49.2980000Z,2022-02-28T00:00:49.3115836Z,37707.6,0.19409003,37684.78,0.05
BITSTAMP_SPOT_BTC_USD,2022-02-28T00:00:49.4030000Z,2022-02-28T00:00:49.4223009Z,37707.6,0.19409003,37684.8,0.02
BITSTAMP_SPOT_BTC_USD,2022-02-28T00:00:49.4980000Z,2022-02-28T00:00:49.5107436Z,37707.6,0.19409003,37684.8,0.05
BITSTAMP_SPOT_BTC_USD,2022-02-28T00:00:49.6980000Z,2022-02-28T00:00:49.7105725Z,37707.6,0.19409003,37684.8,0.07
BITSTAMP_SPOT_BTC_USD,2022-02-28T00:00:49.8070000Z,2022-02-28T00:00:49.8270205Z,37715.57,0.19268988,37684.8,0.07
BITSTAMP_SPOT_BTC_USD,2022-02-28T00:00:49.8970000Z,2022-02-28T00:00:49.9096962Z,37715.56,0.18522728,37684.81,0.1
BITSTAMP_SPOT_BTC_USD,2022-02-28T00:00:50.0010000Z,2022-02-28T00:00:50.0298730Z,37715.56,0.18522728,37684.82,0.29
BITSTAMP_SPOT_BTC_USD,2022-02-28T00:00:50.1050000Z,2022-02-28T00:00:50.1186065Z,37715.56,0.18522728,37684.83,0.02
BITSTAMP_SPOT_BTC_USD,2022-02-28T00:00:50.2010000Z,2022-02-28T00:00:50.2220825Z,37715.56,0.18522728,37684.83,0.05
BITSTAMP_SPOT_BTC_USD,2022-02-28T00:00:51.0070000Z,2022-02-28T00:00:51.0354467Z,37715.55,0.39858474,37684.83,0.05
BITSTAMP_SPOT_BTC_USD,2022-02-28T00:00:51.0970000Z,2022-02-28T00:00:51.1105468Z,37715.54,0.1,37684.83,0.05
BITSTAMP_SPOT_BTC_USD,2022-02-28T00:00:51.2970000Z,2022-02-28T00:00:51.3093645Z,37715.55,0.39858474,37684.83,0.05
BITSTAMP_SPOT_BTC_USD,2022-02-28T00:00:51.6050000Z,2022-02-28T00:00:51.6273524Z,37715.55,0.39858474,37684.84,0.1
BITSTAMP_SPOT_BTC_USD,2022-02-28T00:00:51.7000000Z,2022-02-28T00:00:51.7139388Z,37715.55,0.39858474,37684.85,0.05
BITSTAMP_SPOT_BTC_USD,2022-02-28T00:00:52.2980000Z,2022-02-28T00:00:52.3098120Z,37715.55,0.39858474,37684.86,0.1
BITSTAMP_SPOT_BTC_USD,2022-02-28T00:00:52.4030000Z,2022-02-28T00:00:52.4193826Z,37715.55,0.39858474,37684.87,0.07
BITSTAMP_SPOT_BTC_USD,2022-02-28T00:00:52.4970000Z,2022-02-28T00:00:52.5113679Z,37715.55,0.39858474,37684.88,0.1
BITSTAMP_SPOT_BTC_USD,2022-02-28T00:00:52.6060000Z,2022-02-28T00:00:52.6626151Z,37715.55,0.39858474,37684.89,0.05
BITSTAMP_SPOT_BTC_USD,2022-02-28T00:00:52.8200000Z,2022-02-28T00:00:52.8393211Z,37715.55,0.39858474,37684.91,0.05
BITSTAMP_SPOT_BTC_USD,2022-02-28T00:00:52.8970000Z,2022-02-28T00:00:52.9097133Z,37715.55,0.39858474,37684.91,0.07
BITSTAMP_SPOT_BTC_USD,2022-02-28T00:00:53.0050000Z,2022-02-28T00:00:53.0250779Z,37715.55,0.39858474,37684.92,0.1
BITSTAMP_SPOT_BTC_USD,2022-02-28T00:00:53.0970000Z,2022-02-28T00:00:53.1091569Z,37715.55,0.39858474,37684.93,0.05
BITSTAMP_SPOT_BTC_USD,2022-02-28T00:00:53.2080000Z,2022-02-28T00:00:53.2257120Z,37715.55,0.39858474,37684.94,0.24
BITSTAMP_SPOT_BTC_USD,2022-02-28T00:00:53.2980000Z,2022-02-28T00:00:53.3107408Z,37715.55,0.39858474,37684.88,0.02
BITSTAMP_SPOT_BTC_USD,2022-02-28T00:00:53.4060000Z,2022-02-28T00:00:53.4224697Z,37715.55,0.39858474,37684.94,0.05
BITSTAMP_SPOT_BTC_USD,2022-02-28T00:00:53.6240000Z,2022-02-28T00:00:53.6426114Z,37715.55,0.39858474,37684.95,0.1
BITSTAMP_SPOT_BTC_USD,2022-02-28T00:00:53.6980000Z,2022-02-28T00:00:53.7110840Z,37715.55,0.39858474,37684.96,0.07
BITSTAMP_SPOT_BTC_USD,2022-02-28T00:00:53.8040000Z,2022-02-28T00:00:53.8211105Z,37715.55,0.39315474,37684.96,0.05
BITSTAMP_SPOT_BTC_USD,2022-02-28T00:00:53.8980000Z,2022-02-28T00:00:53.9105925Z,37715.55,0.39315474,37684.97,0.1
BITSTAMP_SPOT_BTC_USD,2022-02-28T00:00:54.0050000Z,2022-02-28T00:00:54.0276404Z,37715.55,0.52549698,37684.95,0.13225618
BITSTAMP_SPOT_BTC_USD,2022-02-28T00:00:54.0970000Z,2022-02-28T00:00:54.1107709Z,37715.55,0.52549698,37684.99,0.15
BITSTAMP_SPOT_BTC_USD,2022-02-28T00:00:54.2050000Z,2022-02-28T00:00:54.2203452Z,37715.55,0.52549698,37684.99,0.12
BITSTAMP_SPOT_BTC_USD,2022-02-28T00:00:54.2980000Z,2022-02-28T00:00:54.3111318Z,37715.55,0.52549698,37685.0,0.07
BITSTAMP_SPOT_BTC_USD,2022-02-28T00:00:54.4240000Z,2022-02-28T00:00:54.4432734Z,37715.55,0.52549698,37685.02,0.02
BITSTAMP_SPOT_BTC_USD,2022-02-28T00:00:54.4980000Z,2022-02-28T00:00:54.5113086Z,37715.55,0.52549698,37685.02,0.05
BITSTAMP_SPOT_BTC_USD,2022-02-28T00:00:54.6070000Z,2022-02-28T00:00:54.6258529Z,37715.55,0.52549698,37685.04,0.02
BITSTAMP_SPOT_BTC_USD,2022-02-28T00:00:54.7010000Z,2022-02-28T00:00:54.7154533Z,37715.55,0.52549698,37685.04,0.05
BITSTAMP_SPOT_BTC_USD,2022-02-28T00:00:54.8020000Z,2022-02-28T00:00:54.8263880Z,37715.55,0.52549698,37685.06,0.02
BITSTAMP_SPOT_BTC_USD,2022-02-28T00:00:54.8970000Z,2022-02-28T00:00:54.9103837Z,37715.55,0.39315474,37685.06,0.07
BITSTAMP_SPOT_BTC_USD,2022-02-28T00:00:55.0040000Z,2022-02-28T00:00:55.0199908Z,37715.55,0.39315474,37685.08,0.02
BITSTAMP_SPOT_BTC_USD,2022-02-28T00:00:55.0970000Z,2022-02-28T00:00:55.1108125Z,37715.56,0.18522728,37685.08,0.07
BITSTAMP_SPOT_BTC_USD,2022-02-28T00:00:55.2030000Z,2022-02-28T00:00:55.2469129Z,37715.56,0.18522728,37685.09,0.1
BITSTAMP_SPOT_BTC_USD,2022-02-28T00:00:55.2980000Z,2022-02-28T00:00:55.3102029Z,37715.56,0.18522728,37685.1,0.07
BITSTAMP_SPOT_BTC_USD,2022-02-28T00:00:55.4030000Z,2022-02-28T00:00:55.4206178Z,37715.56,0.18522728,37688.26,0.39779567
BITSTAMP_SPOT_BTC_USD,2022-02-28T00:00:55.4970000Z,2022-02-28T00:00:55.5105685Z,37715.56,0.18522728,37688.27,0.1
BITSTAMP_SPOT_BTC_USD,2022-02-28T00:00:55.6990000Z,2022-02-28T00:00:55.7132618Z,37715.56,0.18522728,37697.69,0.16523316
BITSTAMP_SPOT_BTC_USD,2022-02-28T00:00:56.6970000Z,2022-02-28T00:00:56.7105603Z,37715.56,0.18522728,37687.04,0.05
BITSTAMP_SPOT_BTC_USD,2022-02-28T00:00:56.8980000Z,2022-02-28T00:00:56.9104536Z,37715.56,0.18522728,37696.59,0.16562218
BITSTAMP_SPOT_BTC_USD,2022-02-28T00:00:58.8980000Z,2022-02-28T00:00:58.9108645Z,37715.56,0.18522728,37687.16,0.13248467
BITSTAMP_SPOT_BTC_USD,2022-02-28T00:00:59.0020000Z,2022-02-28T00:00:59.0187113Z,37715.21,0.16569317,37695.59,0.16520346
BITSTAMP_SPOT_BTC_USD,2022-02-28T00:01:02.0040000Z,2022-02-28T00:01:02.0285214Z,37715.56,0.18522728,37695.59,0.16520346
BITSTAMP_SPOT_BTC_USD,2022-02-28T00:01:02.4080000Z,2022-02-28T00:01:02.4391486Z,37715.56,0.18522728,37684.7,0.85
BITSTAMP_SPOT_BTC_USD,2022-02-28T00:01:02.4970000Z,2022-02-28T00:01:02.5092337Z,37715.56,0.18522728,37684.71,0.1
BITSTAMP_SPOT_BTC_USD,2022-02-28T00:01:02.6180000Z,2022-02-28T00:01:02.6461714Z,37715.55,0.38092774,37693.99,0.16558206
BITSTAMP_SPOT_BTC_USD,2022-02-28T00:01:04.6060000Z,2022-02-28T00:01:04.6486466Z,37715.55,0.38092774,37684.7,0.85
BITSTAMP_SPOT_BTC_USD,2022-02-28T00:01:04.6970000Z,2022-02-28T00:01:04.7112644Z,37715.55,0.38092774,37693.59,0.16534299
BITSTAMP_SPOT_BTC_USD,2022-02-28T00:01:04.8020000Z,2022-02-28T00:01:04.8276533Z,37715.55,0.38092774,37684.7,0.85
BITSTAMP_SPOT_BTC_USD,2022-02-28T00:01:04.8970000Z,2022-02-28T00:01:04.9109910Z,37715.54,0.1,37684.71,0.24
BITSTAMP_SPOT_BTC_USD,2022-02-28T00:01:05.0090000Z,2022-02-28T00:01:05.0245145Z,37715.55,0.38092774,37691.09,0.16538007
BITSTAMP_SPOT_BTC_USD,2022-02-28T00:01:05.4980000Z,2022-02-28T00:01:05.5111444Z,37715.54,0.016,37691.09,0.16538007
BITSTAMP_SPOT_BTC_USD,2022-02-28T00:01:05.8130000Z,2022-02-28T00:01:05.8409556Z,37715.55,0.38092774,37691.09,0.16538007
BITSTAMP_SPOT_BTC_USD,2022-02-28T00:01:06.0060000Z,2022-02-28T00:01:06.0301727Z,37715.54,0.1325282,37691.09,0.16538007
BITSTAMP_SPOT_BTC_USD,2022-02-28T00:01:06.1010000Z,2022-02-28T00:01:06.1139259Z,37715.55,0.38092774,37691.09,0.16538007
BITSTAMP_SPOT_BTC_USD,2022-02-28T00:01:07.0980000Z,2022-02-28T00:01:07.1113243Z,37715.55,0.51347358,37691.09,0.16538007
BITSTAMP_SPOT_BTC_USD,2022-02-28T00:01:08.6970000Z,2022-02-28T00:01:08.7105482Z,37715.54,0.016,37691.09,0.16538007
BITSTAMP_SPOT_BTC_USD,2022-02-28T00:01:08.8060000Z,2022-02-28T00:01:08.8330117Z,37715.55,0.38092774,37691.09,0.16538007
BITSTAMP_SPOT_BTC_USD,2022-02-28T00:01:09.0070000Z,2022-02-28T00:01:09.0255797Z,37715.55,0.51302637,37691.09,0.16538007
BITSTAMP_SPOT_BTC_USD,2022-02-28T00:01:09.4060000Z,2022-02-28T00:01:09.4572190Z,37715.54,0.06476916,37684.7,0.85
BITSTAMP_SPOT_BTC_USD,2022-02-28T00:01:09.4970000Z,2022-02-28T00:01:09.5115366Z,37715.53,0.1,37684.7,0.85
BITSTAMP_SPOT_BTC_USD,2022-02-28T00:01:09.6030000Z,2022-02-28T00:01:09.6236582Z,37715.52,0.08076916,37689.79,0.16544162
BITSTAMP_SPOT_BTC_USD,2022-02-28T00:01:09.6980000Z,2022-02-28T00:01:09.7113785Z,37715.51,0.1,37689.79,0.16544162
BITSTAMP_SPOT_BTC_USD,2022-02-28T00:01:09.8050000Z,2022-02-28T00:01:09.8376076Z,37715.01,0.016,37689.79,0.16544162
BITSTAMP_SPOT_BTC_USD,2022-02-28T00:01:09.8970000Z,2022-02-28T00:01:09.9104114Z,37715.0,0.06476916,37689.79,0.16544162
BITSTAMP_SPOT_BTC_USD,2022-02-28T00:01:10.0120000Z,2022-02-28T00:01:10.0510839Z,37714.99,0.016,37689.79,0.16544162
BITSTAMP_SPOT_BTC_USD,2022-02-28T00:01:10.0970000Z,2022-02-28T00:01:10.1110067Z,37714.98,0.06476916,37689.79,0.16544162
BITSTAMP_SPOT_BTC_USD,2022-02-28T00:01:10.2120000Z,2022-02-28T00:01:10.2356391Z,37714.98,0.06476916,37684.7,0.85
BITSTAMP_SPOT_BTC_USD,2022-02-28T00:01:10.2970000Z,2022-02-28T00:01:10.3147532Z,37714.97,0.1,37686.19,0.16578376
BITSTAMP_SPOT_BTC_USD,2022-02-28T00:01:10.4010000Z,2022-02-28T00:01:10.4236947Z,37714.96,0.08076916,37686.19,0.16578376
BITSTAMP_SPOT_BTC_USD,2022-02-28T00:01:10.4970000Z,2022-02-28T00:01:10.5108585Z,37714.95,0.1,37686.19,0.16578376
BITSTAMP_SPOT_BTC_USD,2022-02-28T00:01:10.6040000Z,2022-02-28T00:01:10.6241564Z,37714.94,0.08076916,37686.19,0.16578376
BITSTAMP_SPOT_BTC_USD,2022-02-28T00:01:10.6980000Z,2022-02-28T00:01:10.7113047Z,37714.93,0.1,37686.19,0.16578376
BITSTAMP_SPOT_BTC_USD,2022-02-28T00:01:10.8180000Z,2022-02-28T00:01:10.8369804Z,37714.92,0.06476916,37686.19,0.16578376
BITSTAMP_SPOT_BTC_USD,2022-02-28T00:01:10.8970000Z,2022-02-28T00:01:10.9096231Z,37714.9,0.016,37686.19,0.16578376
BITSTAMP_SPOT_BTC_USD,2022-02-28T00:01:11.0090000Z,2022-02-28T00:01:11.0618101Z,37714.89,0.06476916,37686.19,0.16578376
BITSTAMP_SPOT_BTC_USD,2022-02-28T00:01:12.0980000Z,2022-02-28T00:01:12.1114711Z,37715.0,0.06476916,37686.19,0.16578376
BITSTAMP_SPOT_BTC_USD,2022-02-28T00:01:12.2270000Z,2022-02-28T00:01:12.2479960Z,37714.99,0.016,37686.19,0.16578376
BITSTAMP_SPOT_BTC_USD,2022-02-28T00:01:12.2990000Z,2022-02-28T00:01:12.3123795Z,37714.98,0.06476916,37686.19,0.16578376
BITSTAMP_SPOT_BTC_USD,2022-02-28T00:01:12.4070000Z,2022-02-28T00:01:12.4284495Z,37714.97,0.016,37686.19,0.16578376
BITSTAMP_SPOT_BTC_USD,2022-02-28T00:01:12.4970000Z,2022-02-28T00:01:12.5095600Z,37714.96,0.16476916,37686.19,0.16578376
BITSTAMP_SPOT_BTC_USD,2022-02-28T00:01:12.6050000Z,2022-02-28T00:01:12.6235020Z,37714.95,0.016,37686.19,0.16578376
BITSTAMP_SPOT_BTC_USD,2022-02-28T00:01:12.6980000Z,2022-02-28T00:01:12.7110170Z,37714.94,0.1,37686.19,0.16578376
BITSTAMP_SPOT_BTC_USD,2022-02-28T00:01:12.8080000Z,2022-02-28T00:01:12.8279517Z,37714.93,0.016,37686.19,0.16578376
BITSTAMP_SPOT_BTC_USD,2022-02-28T00:01:12.8970000Z,2022-02-28T00:01:12.9109045Z,37714.92,0.16476916,37686.19,0.16578376
BITSTAMP_SPOT_BTC_USD,2022-02-28T00:01:13.0240000Z,2022-02-28T00:01:13.0417497Z,37714.91,0.016,37686.19,0.16578376
BITSTAMP_SPOT_BTC_USD,2022-02-28T00:01:13.0970000Z,2022-02-28T00:01:13.1106090Z,37714.9,0.16476916,37686.19,0.16578376
BITSTAMP_SPOT_BTC_USD,2022-02-28T00:01:13.2120000Z,2022-02-28T00:01:13.2315136Z,37714.89,0.016,37686.19,0.16578376
BITSTAMP_SPOT_BTC_USD,2022-02-28T00:01:13.2970000Z,2022-02-28T00:01:13.3099386Z,37714.88,0.16476916,37686.19,0.16578376
BITSTAMP_SPOT_BTC_USD,2022-02-28T00:01:13.4080000Z,2022-02-28T00:01:13.4234759Z,37714.88,0.06476916,37686.19,0.16578376
BITSTAMP_SPOT_BTC_USD,2022-02-28T00:01:13.8200000Z,2022-02-28T00:01:13.8460724Z,37714.87,0.1,37686.19,0.16578376
BITSTAMP_SPOT_BTC_USD,2022-02-28T00:01:13.8970000Z,2022-02-28T00:01:13.9101046Z,37714.86,0.08076916,37686.19,0.16578376
BITSTAMP_SPOT_BTC_USD,2022-02-28T00:01:14.0070000Z,2022-02-28T00:01:14.0283144Z,37714.84,0.016,37686.19,0.16578376
BITSTAMP_SPOT_BTC_USD,2022-02-28T00:01:14.0970000Z,2022-02-28T00:01:14.1110829Z,37714.83,0.06476916,37686.19,0.16578376
BITSTAMP_SPOT_BTC_USD,2022-02-28T00:01:14.2040000Z,2022-02-28T00:01:14.2194149Z,37714.82,0.016,37686.19,0.16578376
BITSTAMP_SPOT_BTC_USD,2022-02-28T00:01:14.2970000Z,2022-02-28T00:01:14.3107327Z,37714.81,0.16476916,37686.19,0.16578376
BITSTAMP_SPOT_BTC_USD,2022-02-28T00:01:14.4080000Z,2022-02-28T00:01:14.4308471Z,37714.81,0.06476916,37686.19,0.16578376
BITSTAMP_SPOT_BTC_USD,2022-02-28T00:01:14.4970000Z,2022-02-28T00:01:14.5107500Z,37714.79,0.1,37686.19,0.16578376
BITSTAMP_SPOT_BTC_USD,2022-02-28T00:01:14.6330000Z,2022-02-28T00:01:14.6518738Z,37714.78,0.06476916,37686.19,0.16578376
BITSTAMP_SPOT_BTC_USD,2022-02-28T00:01:14.6970000Z,2022-02-28T00:01:14.7100769Z,37714.76,0.016,37686.19,0.16578376
BITSTAMP_SPOT_BTC_USD,2022-02-28T00:01:14.8040000Z,2022-02-28T00:01:14.8248894Z,37714.75,0.16476916,37686.19,0.16578376
BITSTAMP_SPOT_BTC_USD,2022-02-28T00:01:14.8980000Z,2022-02-28T00:01:14.9108771Z,37714.74,0.016,37686.19,0.16578376
BITSTAMP_SPOT_BTC_USD,2022-02-28T00:01:15.0030000Z,2022-02-28T00:01:15.0259968Z,37714.73,0.16476916,37686.19,0.16578376
BITSTAMP_SPOT_BTC_USD,2022-02-28T00:01:15.0970000Z,2022-02-28T00:01:15.1108103Z,37714.72,0.016,37686.19,0.16578376
BITSTAMP_SPOT_BTC_USD,2022-02-28T00:01:15.2030000Z,2022-02-28T00:01:15.2288653Z,37714.71,0.16476916,37686.19,0.16578376
BITSTAMP_SPOT_BTC_USD,2022-02-28T00:01:15.2970000Z,2022-02-28T00:01:15.3108510Z,37714.7,0.016,37686.19,0.16578376
BITSTAMP_SPOT_BTC_USD,2022-02-28T00:01:15.4310000Z,2022-02-28T00:01:15.4493714Z,37714.69,0.06476916,37686.19,0.16578376
BITSTAMP_SPOT_BTC_USD,2022-02-28T00:01:15.4970000Z,2022-02-28T00:01:15.5105700Z,37714.68,0.016,37686.19,0.16578376
BITSTAMP_SPOT_BTC_USD,2022-02-28T00:01:15.6060000Z,2022-02-28T00:01:15.6298069Z,37714.67,0.06476916,37686.19,0.16578376
BITSTAMP_SPOT_BTC_USD,2022-02-28T00:01:15.6990000Z,2022-02-28T00:01:15.7116924Z,37714.67,0.16476916,37684.7,0.85
BITSTAMP_SPOT_BTC_USD,2022-02-28T00:01:15.8040000Z,2022-02-28T00:01:15.8298606Z,37714.65,0.1,37684.7,0.85
BITSTAMP_SPOT_BTC_USD,2022-02-28T00:01:15.8980000Z,2022-02-28T00:01:15.9107626Z,37714.64,0.08076916,37684.7,0.85
BITSTAMP_SPOT_BTC_USD,2022-02-28T00:01:16.0320000Z,2022-02-28T00:01:16.0546710Z,37714.63,0.1,37684.7,0.85
BITSTAMP_SPOT_BTC_USD,2022-02-28T00:01:16.0980000Z,2022-02-28T00:01:16.1117707Z,37714.62,0.08076916,37684.7,0.85
BITSTAMP_SPOT_BTC_USD,2022-02-28T00:01:16.2050000Z,2022-02-28T00:01:16.2315952Z,37714.61,0.1,37684.7,0.85
BITSTAMP_SPOT_BTC_USD,2022-02-28T00:01:16.2970000Z,2022-02-28T00:01:16.3099089Z,37714.6,0.08076916,37684.7,0.85
BITSTAMP_SPOT_BTC_USD,2022-02-28T00:01:16.4030000Z,2022-02-28T00:01:16.4284232Z,37714.59,0.1,37684.7,0.85
BITSTAMP_SPOT_BTC_USD,2022-02-28T00:01:16.4980000Z,2022-02-28T00:01:16.5114066Z,37714.58,0.08076916,37684.7,0.85
BITSTAMP_SPOT_BTC_USD,2022-02-28T00:01:16.6040000Z,2022-02-28T00:01:16.6774234Z,37714.57,0.1,37684.7,0.85
BITSTAMP_SPOT_BTC_USD,2022-02-28T00:01:16.6970000Z,2022-02-28T00:01:16.7100907Z,37714.56,0.08076916,37684.7,0.85
BITSTAMP_SPOT_BTC_USD,2022-02-28T00:01:16.8230000Z,2022-02-28T00:01:16.8422047Z,37714.55,0.1,37684.7,0.85
BITSTAMP_SPOT_BTC_USD,2022-02-28T00:01:16.8970000Z,2022-02-28T00:01:16.9104760Z,37714.54,0.06476916,37684.7,0.85
BITSTAMP_SPOT_BTC_USD,2022-02-28T00:01:17.0030000Z,2022-02-28T00:01:17.0277242Z,37714.52,0.016,37684.7,0.85
BITSTAMP_SPOT_BTC_USD,2022-02-28T00:01:17.0980000Z,2022-02-28T00:01:17.1101945Z,37714.51,0.06476916,37684.7,0.85
BITSTAMP_SPOT_BTC_USD,2022-02-28T00:01:17.2970000Z,2022-02-28T00:01:17.3141343Z,37714.49,0.016,37684.7,0.85
BITSTAMP_SPOT_BTC_USD,2022-02-28T00:01:17.4070000Z,2022-02-28T00:01:17.4255245Z,37714.48,0.06476916,37684.7,0.85
BITSTAMP_SPOT_BTC_USD,2022-02-28T00:01:17.4980000Z,2022-02-28T00:01:17.5101385Z,37714.48,0.16476916,37684.7,0.85
BITSTAMP_SPOT_BTC_USD,2022-02-28T00:01:17.6050000Z,2022-02-28T00:01:17.6397654Z,37714.48,0.06476916,37684.7,0.85
BITSTAMP_SPOT_BTC_USD,2022-02-28T00:01:17.6970000Z,2022-02-28T00:01:17.7090247Z,37714.45,0.016,37684.7,0.85
BITSTAMP_SPOT_BTC_USD,2022-02-28T00:01:17.8090000Z,2022-02-28T00:01:17.8279133Z,37714.44,0.06476916,37684.7,0.85
BITSTAMP_SPOT_BTC_USD,2022-02-28T00:01:17.8970000Z,2022-02-28T00:01:17.9101252Z,37714.43,0.016,37684.7,0.85
BITSTAMP_SPOT_BTC_USD,2022-02-28T00:01:18.0090000Z,2022-02-28T00:01:18.0291691Z,37714.42,0.16476916,37684.7,0.85
BITSTAMP_SPOT_BTC_USD,2022-02-28T00:01:18.0980000Z,2022-02-28T00:01:18.1108426Z,37714.41,0.016,37684.7,0.85
BITSTAMP_SPOT_BTC_USD,2022-02-28T00:01:18.2040000Z,2022-02-28T00:01:18.2246810Z,37714.4,0.16476916,37684.7,0.85
BITSTAMP_SPOT_BTC_USD,2022-02-28T00:01:18.4020000Z,2022-02-28T00:01:18.4290828Z,37714.38,0.1,37684.7,0.85
BITSTAMP_SPOT_BTC_USD,2022-02-28T00:01:18.4970000Z,2022-02-28T00:01:18.5093215Z,37714.15,0.5,37684.7,0.85
BITSTAMP_SPOT_BTC_USD,2022-02-28T00:01:18.6060000Z,2022-02-28T00:01:18.6304552Z,37714.14,0.08076916,37684.7,0.85
BITSTAMP_SPOT_BTC_USD,2022-02-28T00:01:18.7060000Z,2022-02-28T00:01:18.7211463Z,37712.59,1.0,37684.7,0.85
BITSTAMP_SPOT_BTC_USD,2022-02-28T00:01:18.8060000Z,2022-02-28T00:01:18.8431774Z,37712.58,0.18076916,37684.7,0.85
BITSTAMP_SPOT_BTC_USD,2022-02-28T00:01:18.8970000Z,2022-02-28T00:01:18.9098881Z,37712.57,0.066,37684.7,0.85
BITSTAMP_SPOT_BTC_USD,2022-02-28T00:01:19.0010000Z,2022-02-28T00:01:19.0253565Z,37712.56,0.19476916,37684.7,0.85
BITSTAMP_SPOT_BTC_USD,2022-02-28T00:01:19.0970000Z,2022-02-28T00:01:19.1095809Z,37698.8,0.16567715,37684.7,0.85
BITSTAMP_SPOT_BTC_USD,2022-02-28T00:01:19.2040000Z,2022-02-28T00:01:19.2224696Z,37698.79,0.06476916,37684.7,0.85
BITSTAMP_SPOT_BTC_USD,2022-02-28T00:01:19.4340000Z,2022-02-28T00:01:19.4735335Z,37698.79,0.06476916,37684.7,0.80083673
BITSTAMP_SPOT_BTC_USD,2022-02-28T00:01:20.2250000Z,2022-02-28T00:01:20.2441313Z,37699.2,0.16554899,37684.7,0.80083673
BITSTAMP_SPOT_BTC_USD,2022-02-28T00:01:20.2970000Z,2022-02-28T00:01:20.3105012Z,37698.78,0.06476916,37684.7,0.80083673
BITSTAMP_SPOT_BTC_USD,2022-02-28T00:01:21.2980000Z,2022-02-28T00:01:21.3207437Z,37699.19,0.06476916,37684.7,0.80083673
BITSTAMP_SPOT_BTC_USD,2022-02-28T00:01:22.0970000Z,2022-02-28T00:01:22.1100413Z,37699.2,0.16554899,37684.7,0.80083673
BITSTAMP_SPOT_BTC_USD,2022-02-28T00:01:22.2080000Z,2022-02-28T00:01:22.2449637Z,37699.19,0.03238458,37684.7,0.80083673
BITSTAMP_SPOT_BTC_USD,2022-02-28T00:01:22.4980000Z,2022-02-28T00:01:22.5112627Z,37699.2,0.16554899,37684.7,0.80083673
BITSTAMP_SPOT_BTC_USD,2022-02-28T00:01:22.6990000Z,2022-02-28T00:01:22.7129604Z,37699.19,0.13228413,37684.7,0.80083673
BITSTAMP_SPOT_BTC_USD,2022-02-28T00:01:22.8030000Z,2022-02-28T00:01:22.8245804Z,37699.2,0.16554899,37684.7,0.80083673
BITSTAMP_SPOT_BTC_USD,2022-02-28T00:01:24.4030000Z,2022-02-28T00:01:24.4321600Z,37699.19,0.03238458,37684.7,0.80083673
BITSTAMP_SPOT_BTC_USD,2022-02-28T00:01:33.0070000Z,2022-02-28T00:01:33.0318755Z,37699.2,0.16554899,37684.7,0.80083673
BITSTAMP_SPOT_BTC_USD,2022-02-28T00:01:33.0970000Z,2022-02-28T00:01:33.1115153Z,37701.51,0.18674568,37684.7,0.80083673
BITSTAMP_SPOT_BTC_USD,2022-02-28T00:01:34.8100000Z,2022-02-28T00:01:34.8498598Z,37701.5,0.04857687,37684.7,0.80083673
BITSTAMP_SPOT_BTC_USD,2022-02-28T00:01:37.0230000Z,2022-02-28T00:01:37.0480109Z,37701.5,0.04857687,37684.7,0.80744338
BITSTAMP_SPOT_BTC_USD,2022-02-28T00:01:37.6060000Z,2022-02-28T00:01:37.6521149Z,37705.91,0.5682647,37684.71,0.02
BITSTAMP_SPOT_BTC_USD,2022-02-28T00:01:37.6970000Z,2022-02-28T00:01:37.7095454Z,37702.91,0.1653251,37684.7,0.80744338
BITSTAMP_SPOT_BTC_USD,2022-02-28T00:01:37.8980000Z,2022-02-28T00:01:37.9122879Z,37702.91,0.1653251,37684.7,0.80083673
BITSTAMP_SPOT_BTC_USD,2022-02-28T00:01:38.2150000Z,2022-02-28T00:01:38.2340300Z,37702.91,0.1653251,37684.7,0.8053298
BITSTAMP_SPOT_BTC_USD,2022-02-28T00:01:38.5010000Z,2022-02-28T00:01:38.5155851Z,37705.12,0.13235787,37684.7,0.8053298
BITSTAMP_SPOT_BTC_USD,2022-02-28T00:01:38.6050000Z,2022-02-28T00:01:38.6237381Z,37705.9,0.04857687,37684.7,0.8053298
BITSTAMP_SPOT_BTC_USD,2022-02-28T00:01:39.4090000Z,2022-02-28T00:01:39.4363709Z,37705.91,0.18774971,37684.71,0.02
BITSTAMP_SPOT_BTC_USD,2022-02-28T00:01:39.4980000Z,2022-02-28T00:01:39.5102126Z,37708.61,0.16557558,37686.59,0.16577065
BITSTAMP_SPOT_BTC_USD,2022-02-28T00:01:39.6040000Z,2022-02-28T00:01:39.6441007Z,37707.92,0.13214353,37686.6,0.02
BITSTAMP_SPOT_BTC_USD,2022-02-28T00:01:39.6970000Z,2022-02-28T00:01:39.7087980Z,37712.57,0.37007137,37686.6,0.02
BITSTAMP_SPOT_BTC_USD,2022-02-28T00:01:39.8000000Z,2022-02-28T00:01:39.8186308Z,37712.57,0.37007137,37686.61,0.1
BITSTAMP_SPOT_BTC_USD,2022-02-28T00:01:39.8980000Z,2022-02-28T00:01:39.9117266Z,37715.0,0.19745504,37686.62,0.02
BITSTAMP_SPOT_BTC_USD,2022-02-28T00:01:40.0070000Z,2022-02-28T00:01:40.0357169Z,37715.0,0.19745504,37686.63,0.1
BITSTAMP_SPOT_BTC_USD,2022-02-28T00:01:40.0970000Z,2022-02-28T00:01:40.1093397Z,37715.0,0.19745504,37686.64,0.02
BITSTAMP_SPOT_BTC_USD,2022-02-28T00:01:40.2090000Z,2022-02-28T00:01:40.2516764Z,37715.0,0.19745504,37686.65,0.1
BITSTAMP_SPOT_BTC_USD,2022-02-28T00:01:40.2970000Z,2022-02-28T00:01:40.3098588Z,37715.01,0.23693332,37688.46,0.04023122
BITSTAMP_SPOT_BTC_USD,2022-02-28T00:01:40.4050000Z,2022-02-28T00:01:40.4298336Z,37723.85,0.19064578,37688.47,0.05
BITSTAMP_SPOT_BTC_USD,2022-02-28T00:01:40.5060000Z,2022-02-28T00:01:40.5199162Z,37723.84,0.26605335,37688.48,0.1871844
BITSTAMP_SPOT_BTC_USD,2022-02-28T00:01:40.6020000Z,2022-02-28T00:01:40.6286319Z,37723.84,0.26605335,37688.49,0.07
BITSTAMP_SPOT_BTC_USD,2022-02-28T00:01:40.8310000Z,2022-02-28T00:01:40.8537286Z,37723.84,0.26605335,37688.51,0.05
BITSTAMP_SPOT_BTC_USD,2022-02-28T00:01:40.8980000Z,2022-02-28T00:01:40.9107945Z,37723.83,0.1,37688.49,0.02
BITSTAMP_SPOT_BTC_USD,2022-02-28T00:01:41.0050000Z,2022-02-28T00:01:41.0411937Z,37723.82,0.08275198,37688.52,0.05
BITSTAMP_SPOT_BTC_USD,2022-02-28T00:01:41.0970000Z,2022-02-28T00:01:41.1094424Z,37723.81,0.1,37688.52,0.05
BITSTAMP_SPOT_BTC_USD,2022-02-28T00:01:41.2110000Z,2022-02-28T00:01:41.2284583Z,37723.8,0.08275198,37688.52,0.05
BITSTAMP_SPOT_BTC_USD,2022-02-28T00:01:41.2980000Z,2022-02-28T00:01:41.3114392Z,37723.79,0.1,37688.52,0.05
BITSTAMP_SPOT_BTC_USD,2022-02-28T00:01:41.4010000Z,2022-02-28T00:01:41.4287354Z,37723.78,0.08275198,37688.52,0.05
BITSTAMP_SPOT_BTC_USD,2022-02-28T00:01:41.6360000Z,2022-02-28T00:01:41.6551899Z,37723.77,0.1,37688.52,0.05
BITSTAMP_SPOT_BTC_USD,2022-02-28T00:01:41.6970000Z,2022-02-28T00:01:41.7100861Z,37723.76,0.08275198,37688.52,0.05
BITSTAMP_SPOT_BTC_USD,2022-02-28T00:01:41.8970000Z,2022-02-28T00:01:41.9131209Z,37723.75,0.1,37688.52,0.05
BITSTAMP_SPOT_BTC_USD,2022-02-28T00:01:42.0020000Z,2022-02-28T00:01:42.0221161Z,37723.74,0.08275198,37688.52,0.05
BITSTAMP_SPOT_BTC_USD,2022-02-28T00:01:42.1070000Z,2022-02-28T00:01:42.1209535Z,37723.73,0.1,37688.52,0.05
BITSTAMP_SPOT_BTC_USD,2022-02-28T00:01:42.2040000Z,2022-02-28T00:01:42.2281610Z,37723.72,0.08275198,37688.52,0.05
BITSTAMP_SPOT_BTC_USD,2022-02-28T00:01:42.2980000Z,2022-02-28T00:01:42.3210328Z,37723.71,0.1,37688.52,0.05
BITSTAMP_SPOT_BTC_USD,2022-02-28T00:01:42.4120000Z,2022-02-28T00:01:42.4444758Z,37723.7,0.08275198,37688.52,0.05
BITSTAMP_SPOT_BTC_USD,2022-02-28T00:01:42.4980000Z,2022-02-28T00:01:42.5097641Z,37723.69,0.1,37688.52,0.05
BITSTAMP_SPOT_BTC_USD,2022-02-28T00:01:42.6110000Z,2022-02-28T00:01:42.6318506Z,37723.68,0.08275198,37688.52,0.05
BITSTAMP_SPOT_BTC_USD,2022-02-28T00:01:42.6970000Z,2022-02-28T00:01:42.7095402Z,37723.67,0.1,37688.52,0.05
BITSTAMP_SPOT_BTC_USD,2022-02-28T00:01:42.8010000Z,2022-02-28T00:01:42.8240913Z,37723.66,0.08275198,37688.52,0.05
BITSTAMP_SPOT_BTC_USD,2022-02-28T00:01:43.2970000Z,2022-02-28T00:01:43.3103772Z,37723.66,0.08275198,37688.53,0.1
BITSTAMP_SPOT_BTC_USD,2022-02-28T00:01:43.4080000Z,2022-02-28T00:01:43.4358541Z,37723.66,0.08275198,37688.54,0.07
BITSTAMP_SPOT_BTC_USD,2022-02-28T00:01:43.4990000Z,2022-02-28T00:01:43.5127861Z,37723.66,0.08275198,37688.55,0.1
BITSTAMP_SPOT_BTC_USD,2022-02-28T00:01:43.6030000Z,2022-02-28T00:01:43.6272624Z,37723.66,0.08275198,37688.56,0.07
BITSTAMP_SPOT_BTC_USD,2022-02-28T00:01:43.8320000Z,2022-02-28T00:01:43.8481663Z,37723.83,0.08275198,37688.57,0.1
BITSTAMP_SPOT_BTC_USD,2022-02-28T00:01:43.8980000Z,2022-02-28T00:01:43.9102622Z,37723.83,0.08275198,37688.58,0.05
BITSTAMP_SPOT_BTC_USD,2022-02-28T00:01:44.0060000Z,2022-02-28T00:01:44.0224233Z,37723.83,0.08275198,37688.59,0.1
BITSTAMP_SPOT_BTC_USD,2022-02-28T00:01:44.0970000Z,2022-02-28T00:01:44.1095050Z,37723.83,0.08275198,37688.6,0.05
BITSTAMP_SPOT_BTC_USD,2022-02-28T00:01:44.2020000Z,2022-02-28T00:01:44.2213159Z,37723.83,0.08275198,37688.61,0.1
BITSTAMP_SPOT_BTC_USD,2022-02-28T00:01:44.2980000Z,2022-02-28T00:01:44.3107229Z,37723.83,0.08275198,37688.62,0.05
BITSTAMP_SPOT_BTC_USD,2022-02-28T00:01:44.4020000Z,2022-02-28T00:01:44.4209980Z,37723.83,0.08275198,37688.64,0.02
BITSTAMP_SPOT_BTC_USD,2022-02-28T00:01:44.4970000Z,2022-02-28T00:01:44.5102994Z,37723.83,0.08275198,37688.64,0.05
BITSTAMP_SPOT_BTC_USD,2022-02-28T00:01:44.6240000Z,2022-02-28T00:01:44.6440452Z,37723.83,0.08275198,37688.66,0.02
BITSTAMP_SPOT_BTC_USD,2022-02-28T00:01:44.6980000Z,2022-02-28T00:01:44.7102900Z,37723.82,0.1,37688.66,0.05
BITSTAMP_SPOT_BTC_USD,2022-02-28T00:01:44.8050000Z,2022-02-28T00:01:44.8237647Z,37723.81,0.08275198,37688.66,0.05
BITSTAMP_SPOT_BTC_USD,2022-02-28T00:01:44.8980000Z,2022-02-28T00:01:44.9103800Z,37723.8,0.1,37688.66,0.05
BITSTAMP_SPOT_BTC_USD,2022-02-28T00:01:45.0060000Z,2022-02-28T00:01:45.0233188Z,37723.79,0.08275198,37688.66,0.05
BITSTAMP_SPOT_BTC_USD,2022-02-28T00:01:45.0980000Z,2022-02-28T00:01:45.1100102Z,37723.78,0.1,37688.66,0.05
BITSTAMP_SPOT_BTC_USD,2022-02-28T00:01:45.2350000Z,2022-02-28T00:01:45.2539681Z,37723.77,0.09875198,37688.66,0.05
BITSTAMP_SPOT_BTC_USD,2022-02-28T00:01:45.2980000Z,2022-02-28T00:01:45.3105475Z,37723.75,0.016,37688.66,0.05
BITSTAMP_SPOT_BTC_USD,2022-02-28T00:01:45.4180000Z,2022-02-28T00:01:45.4455751Z,37723.74,0.08275198,37688.66,0.05
BITSTAMP_SPOT_BTC_USD,2022-02-28T00:01:45.4970000Z,2022-02-28T00:01:45.5103781Z,37723.73,0.1,37688.66,0.05
BITSTAMP_SPOT_BTC_USD,2022-02-28T00:01:45.6070000Z,2022-02-28T00:01:45.6332719Z,37723.72,0.08275198,37688.66,0.05
BITSTAMP_SPOT_BTC_USD,2022-02-28T00:01:45.6970000Z,2022-02-28T00:01:45.7110611Z,37723.71,0.1,37688.66,0.05
BITSTAMP_SPOT_BTC_USD,2022-02-28T00:01:45.8030000Z,2022-02-28T00:01:45.8308356Z,37723.7,0.08275198,37688.66,0.05
BITSTAMP_SPOT_BTC_USD,2022-02-28T00:01:45.8970000Z,2022-02-28T00:01:45.9106493Z,37723.69,0.1,37688.66,0.05
BITSTAMP_SPOT_BTC_USD,2022-02-28T00:01:46.0380000Z,2022-02-28T00:01:46.0560215Z,37723.68,0.08275198,37688.66,0.05
BITSTAMP_SPOT_BTC_USD,2022-02-28T00:01:46.0970000Z,2022-02-28T00:01:46.1100612Z,37723.67,0.1,37688.66,0.05
BITSTAMP_SPOT_BTC_USD,2022-02-28T00:01:46.2010000Z,2022-02-28T00:01:46.2471751Z,37723.66,0.08275198,37688.66,0.05
BITSTAMP_SPOT_BTC_USD,2022-02-28T00:01:46.2990000Z,2022-02-28T00:01:46.3122635Z,37723.65,0.1,37688.66,0.05
BITSTAMP_SPOT_BTC_USD,2022-02-28T00:01:46.4030000Z,2022-02-28T00:01:46.4205073Z,37723.84,0.18330137,37688.66,0.05
BITSTAMP_SPOT_BTC_USD,2022-02-28T00:01:46.4970000Z,2022-02-28T00:01:46.5107151Z,37723.63,0.1,37688.66,0.05
BITSTAMP_SPOT_BTC_USD,2022-02-28T00:01:46.6410000Z,2022-02-28T00:01:46.6591881Z,37732.83,0.13215238,37688.67,0.2119
BITSTAMP_SPOT_BTC_USD,2022-02-28T00:01:46.6970000Z,2022-02-28T00:01:46.7100533Z,37732.87,0.00117689,37688.68,0.07
BITSTAMP_SPOT_BTC_USD,2022-02-28T00:01:46.8040000Z,2022-02-28T00:01:46.8362513Z,37732.87,0.00117689,37688.69,0.2419
BITSTAMP_SPOT_BTC_USD,2022-02-28T00:01:46.9010000Z,2022-02-28T00:01:46.9143155Z,37732.87,0.00117689,37688.7,0.17
BITSTAMP_SPOT_BTC_USD,2022-02-28T00:01:47.0040000Z,2022-02-28T00:01:47.0282168Z,37732.87,0.00117689,37688.71,0.2119
BITSTAMP_SPOT_BTC_USD,2022-02-28T00:01:47.0980000Z,2022-02-28T00:01:47.1111673Z,37732.87,0.00117689,37688.73,0.03
BITSTAMP_SPOT_BTC_USD,2022-02-28T00:01:47.2020000Z,2022-02-28T00:01:47.2295869Z,37732.87,0.00117689,37688.74,0.3919
BITSTAMP_SPOT_BTC_USD,2022-02-28T00:01:47.2970000Z,2022-02-28T00:01:47.3105419Z,37732.87,0.00117689,37688.75,0.02
BITSTAMP_SPOT_BTC_USD,2022-02-28T00:01:47.4170000Z,2022-02-28T00:01:47.4414491Z,37732.87,0.00117689,37688.76,0.3619
BITSTAMP_SPOT_BTC_USD,2022-02-28T00:01:47.4970000Z,2022-02-28T00:01:47.5108715Z,37732.87,0.00117689,37688.78,0.03
BITSTAMP_SPOT_BTC_USD,2022-02-28T00:01:47.6070000Z,2022-02-28T00:01:47.6297942Z,37732.87,0.00117689,37688.79,0.4519
BITSTAMP_SPOT_BTC_USD,2022-02-28T00:01:47.6970000Z,2022-02-28T00:01:47.7102463Z,37732.87,0.00117689,37688.8,0.32
BITSTAMP_SPOT_BTC_USD,2022-02-28T00:01:47.8040000Z,2022-02-28T00:01:47.8284446Z,37732.87,0.00117689,37688.81,0.4519
BITSTAMP_SPOT_BTC_USD,2022-02-28T00:01:47.8970000Z,2022-02-28T00:01:47.9101350Z,37732.87,0.00117689,37689.61,0.13254103
BITSTAMP_SPOT_BTC_USD,2022-02-28T00:01:48.0040000Z,2022-02-28T00:01:48.0232327Z,37732.87,0.00117689,37689.62,0.3819
BITSTAMP_SPOT_BTC_USD,2022-02-28T00:01:48.0970000Z,2022-02-28T00:01:48.1151589Z,37732.87,0.00117689,37715.69,0.16514378
BITSTAMP_SPOT_BTC_USD,2022-02-28T00:01:48.6050000Z,2022-02-28T00:01:48.6237374Z,37732.71,0.16550654,37700.49,0.1
BITSTAMP_SPOT_BTC_USD,2022-02-28T00:01:48.6980000Z,2022-02-28T00:01:48.7094148Z,37732.7,0.08275198,37713.09,0.16568092
BITSTAMP_SPOT_BTC_USD,2022-02-28T00:01:49.4010000Z,2022-02-28T00:01:49.4196603Z,37732.7,0.08275198,37700.51,0.19890908
BITSTAMP_SPOT_BTC_USD,2022-02-28T00:01:49.5000000Z,2022-02-28T00:01:49.5133565Z,37732.7,0.08275198,37710.09,0.16540118
BITSTAMP_SPOT_BTC_USD,2022-02-28T00:01:49.6970000Z,2022-02-28T00:01:49.7106113Z,37732.7,0.08275198,37700.52,0.19894993
BITSTAMP_SPOT_BTC_USD,2022-02-28T00:01:49.8070000Z,2022-02-28T00:01:49.8311104Z,37732.7,0.08275198,37706.79,0.16540554
BITSTAMP_SPOT_BTC_USD,2022-02-28T00:01:51.6030000Z,2022-02-28T00:01:51.6321291Z,37732.7,0.08275198,37706.8,0.1
BITSTAMP_SPOT_BTC_USD,2022-02-28T00:01:51.8970000Z,2022-02-28T00:01:51.9095737Z,37732.7,0.08275198,37706.79,0.16540554
BITSTAMP_SPOT_BTC_USD,2022-02-28T00:01:52.0970000Z,2022-02-28T00:01:52.1103832Z,37732.7,0.08275198,37706.8,0.13198493
BITSTAMP_SPOT_BTC_USD,2022-02-28T00:01:52.2060000Z,2022-02-28T00:01:52.2256699Z,37732.7,0.08275198,37706.79,0.16540554
BITSTAMP_SPOT_BTC_USD,2022-02-28T00:01:52.6060000Z,2022-02-28T00:01:52.6245246Z,37732.69,0.1,37706.79,0.16540554
BITSTAMP_SPOT_BTC_USD,2022-02-28T00:01:52.6970000Z,2022-02-28T00:01:52.7104390Z,37732.68,0.08275198,37706.79,0.16540554
BITSTAMP_SPOT_BTC_USD,2022-02-28T00:01:52.8090000Z,2022-02-28T00:01:52.8267303Z,37732.67,0.1,37706.79,0.16540554
BITSTAMP_SPOT_BTC_USD,2022-02-28T00:01:52.8970000Z,2022-02-28T00:01:52.9100488Z,37732.66,0.08275198,37706.79,0.16540554
BITSTAMP_SPOT_BTC_USD,2022-02-28T00:01:53.8070000Z,2022-02-28T00:01:53.8435290Z,37732.65,0.1,37706.79,0.16540554
BITSTAMP_SPOT_BTC_USD,2022-02-28T00:01:53.8990000Z,2022-02-28T00:01:53.9207938Z,37732.64,0.08275198,37706.79,0.16540554
BITSTAMP_SPOT_BTC_USD,2022-02-28T00:01:54.8980000Z,2022-02-28T00:01:54.9106330Z,37732.67,0.08275198,37706.79,0.16540554
BITSTAMP_SPOT_BTC_USD,2022-02-28T00:01:55.0200000Z,2022-02-28T00:01:55.0462015Z,37732.63,0.08275198,37706.79,0.16540554
BITSTAMP_SPOT_BTC_USD,2022-02-28T00:01:55.6050000Z,2022-02-28T00:01:55.6291965Z,37732.68,0.13244329,37706.79,0.16540554
BITSTAMP_SPOT_BTC_USD,2022-02-28T00:01:55.6970000Z,2022-02-28T00:01:55.7101202Z,37732.68,0.13244329,37706.8,0.1
BITSTAMP_SPOT_BTC_USD,2022-02-28T00:01:55.8060000Z,2022-02-28T00:01:55.8547304Z,37732.68,0.13244329,37706.79,0.16540554
BITSTAMP_SPOT_BTC_USD,2022-02-28T00:01:55.8980000Z,2022-02-28T00:01:55.9099406Z,37732.71,0.16550654,37706.79,0.16540554
BITSTAMP_SPOT_BTC_USD,2022-02-28T00:01:56.0100000Z,2022-02-28T00:01:56.0315912Z,37732.71,0.16550654,37706.8,0.1
BITSTAMP_SPOT_BTC_USD,2022-02-28T00:01:56.2980000Z,2022-02-28T00:01:56.3167919Z,37732.71,0.16550654,37706.8,0.09946853
BITSTAMP_SPOT_BTC_USD,2022-02-28T00:01:56.6040000Z,2022-02-28T00:01:56.6294101Z,37732.71,0.16550654,37706.79,0.16540554
BITSTAMP_SPOT_BTC_USD,2022-02-28T00:01:56.6980000Z,2022-02-28T00:01:56.7101944Z,37732.7,0.03308756,37706.79,0.16540554
BITSTAMP_SPOT_BTC_USD,2022-02-28T00:01:56.8160000Z,2022-02-28T00:01:56.8451419Z,37732.7,0.01708756,37706.79,0.16540554
BITSTAMP_SPOT_BTC_USD,2022-02-28T00:01:57.0070000Z,2022-02-28T00:01:57.0330768Z,37732.87,0.00117689,37706.79,0.16540554
BITSTAMP_SPOT_BTC_USD,2022-02-28T00:01:57.2040000Z,2022-02-28T00:01:57.2234867Z,37732.87,0.00117689,37706.8,0.12
BITSTAMP_SPOT_BTC_USD,2022-02-28T00:01:57.2970000Z,2022-02-28T00:01:57.3106959Z,37732.87,0.00117689,37706.8,0.1
BITSTAMP_SPOT_BTC_USD,2022-02-28T00:01:57.4980000Z,2022-02-28T00:01:57.5119576Z,37732.87,0.00117689,37706.81,0.02
BITSTAMP_SPOT_BTC_USD,2022-02-28T00:01:57.6030000Z,2022-02-28T00:01:57.6355916Z,37732.87,0.00117689,37706.82,0.1
BITSTAMP_SPOT_BTC_USD,2022-02-28T00:01:57.8090000Z,2022-02-28T00:01:57.8258466Z,37732.51,0.16510605,37706.79,0.16540554
BITSTAMP_SPOT_BTC_USD,2022-02-28T00:01:58.0010000Z,2022-02-28T00:01:58.0260609Z,37732.5,0.016,37706.79,0.16540554
BITSTAMP_SPOT_BTC_USD,2022-02-28T00:01:58.0970000Z,2022-02-28T00:01:58.1101616Z,37732.51,0.16510605,37706.79,0.16540554
BITSTAMP_SPOT_BTC_USD,2022-02-28T00:01:58.2010000Z,2022-02-28T00:01:58.2184400Z,37732.5,0.01708756,37706.79,0.16540554
BITSTAMP_SPOT_BTC_USD,2022-02-28T00:01:58.2970000Z,2022-02-28T00:01:58.3102983Z,37732.5,0.14916576,37706.79,0.16540554
BITSTAMP_SPOT_BTC_USD,2022-02-28T00:01:58.6080000Z,2022-02-28T00:01:58.6305958Z,37732.5,0.01708756,37706.79,0.16540554
BITSTAMP_SPOT_BTC_USD,2022-02-28T00:01:58.7010000Z,2022-02-28T00:01:58.7155489Z,37732.5,0.01708756,37701.71,0.03476224
BITSTAMP_SPOT_BTC_USD,2022-02-28T00:01:58.8060000Z,2022-02-28T00:01:58.8270720Z,37732.49,0.1,37706.39,0.16530328
BITSTAMP_SPOT_BTC_USD,2022-02-28T00:01:58.8980000Z,2022-02-28T00:01:58.9117273Z,37732.48,0.01708756,37706.39,0.16530328
BITSTAMP_SPOT_BTC_USD,2022-02-28T00:01:59.0970000Z,2022-02-28T00:01:59.1090106Z,37732.47,0.1,37706.79,0.00992526
BITSTAMP_SPOT_BTC_USD,2022-02-28T00:01:59.2180000Z,2022-02-28T00:01:59.2425335Z,37732.46,0.01708756,37706.79,0.00992526
BITSTAMP_SPOT_BTC_USD,2022-02-28T00:01:59.2970000Z,2022-02-28T00:01:59.3095520Z,37732.45,0.1,37706.79,0.00992526
BITSTAMP_SPOT_BTC_USD,2022-02-28T00:01:59.4060000Z,2022-02-28T00:01:59.4241843Z,37732.44,0.01708756,37706.79,0.00992526
BITSTAMP_SPOT_BTC_USD,2022-02-28T00:01:59.6980000Z,2022-02-28T00:01:59.7103161Z,37732.44,0.01708756,37706.8,0.1
BITSTAMP_SPOT_BTC_USD,2022-02-28T00:01:59.8970000Z,2022-02-28T00:01:59.9105735Z,37732.44,0.01708756,37706.79,0.00992526
BITSTAMP_SPOT_BTC_USD,2022-02-28T00:02:00.0150000Z,2022-02-28T00:02:00.0340589Z,37732.51,0.16510605,37706.79,0.00992526
BITSTAMP_SPOT_BTC_USD,2022-02-28T00:02:00.2100000Z,2022-02-28T00:02:00.2282900Z,37730.63,0.38,37706.79,0.00992526
BITSTAMP_SPOT_BTC_USD,2022-02-28T00:02:00.6020000Z,2022-02-28T00:02:00.6278310Z,37730.63,0.38,37706.8,0.1
BITSTAMP_SPOT_BTC_USD,2022-02-28T00:02:01.2290000Z,2022-02-28T00:02:01.2721092Z,37730.62,0.016,37706.79,0.00992526
BITSTAMP_SPOT_BTC_USD,2022-02-28T00:02:01.2970000Z,2022-02-28T00:02:01.3107422Z,37730.62,0.06591977,37705.19,0.16514993
BITSTAMP_SPOT_BTC_USD,2022-02-28T00:02:01.4090000Z,2022-02-28T00:02:01.4456457Z,37730.62,0.06591977,37700.52,0.19894993
BITSTAMP_SPOT_BTC_USD,2022-02-28T00:02:01.4970000Z,2022-02-28T00:02:01.5111881Z,37730.62,0.06591977,37704.49,0.16569357
BITSTAMP_SPOT_BTC_USD,2022-02-28T00:02:01.6020000Z,2022-02-28T00:02:01.6315629Z,37730.55,0.016,37706.8,0.00496276
BITSTAMP_SPOT_BTC_USD,2022-02-28T00:02:01.6980000Z,2022-02-28T00:02:01.7102186Z,37730.54,0.04991977,37706.8,0.00496276
BITSTAMP_SPOT_BTC_USD,2022-02-28T00:02:02.0980000Z,2022-02-28T00:02:02.1114147Z,37730.52,0.016,37706.8,0.00496276
BITSTAMP_SPOT_BTC_USD,2022-02-28T00:02:02.2060000Z,2022-02-28T00:02:02.2326440Z,37730.51,0.04991977,37706.8,0.00496276
BITSTAMP_SPOT_BTC_USD,2022-02-28T00:02:02.2970000Z,2022-02-28T00:02:02.3098123Z,37726.66,0.152,37706.8,0.00496276
BITSTAMP_SPOT_BTC_USD,2022-02-28T00:02:02.4250000Z,2022-02-28T00:02:02.4505655Z,37726.65,0.06591977,37706.8,0.00496276
BITSTAMP_SPOT_BTC_USD,2022-02-28T00:02:02.4970000Z,2022-02-28T00:02:02.5102142Z,37721.91,0.16554322,37706.8,0.00496276
BITSTAMP_SPOT_BTC_USD,2022-02-28T00:02:02.6010000Z,2022-02-28T00:02:02.6314390Z,37720.03,0.38,37706.8,0.00496276
BITSTAMP_SPOT_BTC_USD,2022-02-28T00:02:03.0080000Z,2022-02-28T00:02:03.0282270Z,37704.49,0.17846417,37700.79,0.16519971
BITSTAMP_SPOT_BTC_USD,2022-02-28T00:02:03.0970000Z,2022-02-28T00:02:03.1101681Z,37704.49,0.17846417,37691.68,0.152
BITSTAMP_SPOT_BTC_USD,2022-02-28T00:02:03.2030000Z,2022-02-28T00:02:03.2248423Z,37704.49,0.17598292,37699.69,0.16544194
BITSTAMP_SPOT_BTC_USD,2022-02-28T00:02:03.4970000Z,2022-02-28T00:02:03.5105179Z,37704.49,0.1747423,37699.69,0.16544194
BITSTAMP_SPOT_BTC_USD,2022-02-28T00:02:03.8040000Z,2022-02-28T00:02:03.8253646Z,37704.49,4.23e-05,37699.77,0.38
BITSTAMP_SPOT_BTC_USD,2022-02-28T00:02:04.0060000Z,2022-02-28T00:02:04.0271514Z,37704.49,4.23e-05,37699.78,0.1
BITSTAMP_SPOT_BTC_USD,2022-02-28T00:02:04.0970000Z,2022-02-28T00:02:04.1103051Z,37704.49,4.23e-05,37700.02,0.38
BITSTAMP_SPOT_BTC_USD,2022-02-28T00:02:04.2400000Z,2022-02-28T00:02:04.2540277Z,37704.49,4.23e-05,37700.03,0.1
BITSTAMP_SPOT_BTC_USD,2022-02-28T00:02:04.6030000Z,2022-02-28T00:02:04.6245353Z,37704.49,4.23e-05,37699.69,0.16544194
BITSTAMP_SPOT_BTC_USD,2022-02-28T00:02:04.8970000Z,2022-02-28T00:02:04.9108425Z,37704.49,4.23e-05,37699.7,0.1
BITSTAMP_SPOT_BTC_USD,2022-02-28T00:02:06.0070000Z,2022-02-28T00:02:06.0298303Z,37704.49,4.23e-05,37700.4,0.38
BITSTAMP_SPOT_BTC_USD,2022-02-28T00:02:06.0990000Z,2022-02-28T00:02:06.1125172Z,37704.49,4.23e-05,37700.41,0.1
BITSTAMP_SPOT_BTC_USD,2022-02-28T00:02:06.2030000Z,2022-02-28T00:02:06.2247094Z,37704.49,4.23e-05,37702.29,0.38
BITSTAMP_SPOT_BTC_USD,2022-02-28T00:02:06.2980000Z,2022-02-28T00:02:06.3112679Z,37731.99,0.38904162,37702.3,0.12
BITSTAMP_SPOT_BTC_USD,2022-02-28T00:02:06.4230000Z,2022-02-28T00:02:06.4543009Z,37731.99,0.38904162,37702.3,0.1
BITSTAMP_SPOT_BTC_USD,2022-02-28T00:02:06.4970000Z,2022-02-28T00:02:06.5098258Z,37731.99,0.38904162,37703.89,0.38
BITSTAMP_SPOT_BTC_USD,2022-02-28T00:02:06.6070000Z,2022-02-28T00:02:06.6255501Z,37730.11,0.38,37703.89,0.38
BITSTAMP_SPOT_BTC_USD,2022-02-28T00:02:06.6980000Z,2022-02-28T00:02:06.7104135Z,37730.11,0.38,37703.9,0.1
BITSTAMP_SPOT_BTC_USD,2022-02-28T00:02:07.0060000Z,2022-02-28T00:02:07.0364431Z,37729.81,0.16564986,37710.19,0.16558489
BITSTAMP_SPOT_BTC_USD,2022-02-28T00:02:07.0970000Z,2022-02-28T00:02:07.1106935Z,37727.93,0.38,37710.19,0.16558489
BITSTAMP_SPOT_BTC_USD,2022-02-28T00:02:07.8080000Z,2022-02-28T00:02:07.8269214Z,37730.11,0.38,37710.19,0.16558489
BITSTAMP_SPOT_BTC_USD,2022-02-28T00:02:07.8970000Z,2022-02-28T00:02:07.9104918Z,37730.11,0.3762,37710.19,0.16558489
BITSTAMP_SPOT_BTC_USD,2022-02-28T00:02:08.4970000Z,2022-02-28T00:02:08.5103436Z,37732.87,0.00117689,37710.19,0.16558489
BITSTAMP_SPOT_BTC_USD,2022-02-28T00:02:08.6970000Z,2022-02-28T00:02:08.7556941Z,37734.29,0.19673657,37710.19,0.16558489
BITSTAMP_SPOT_BTC_USD,2022-02-28T00:02:09.2070000Z,2022-02-28T00:02:09.2239773Z,37732.41,0.38,37710.19,0.16558489
BITSTAMP_SPOT_BTC_USD,2022-02-28T00:02:10.0970000Z,2022-02-28T00:02:10.1108654Z,37732.41,0.37785607,37710.19,0.16558489
BITSTAMP_SPOT_BTC_USD,2022-02-28T00:02:10.2000000Z,2022-02-28T00:02:10.2207962Z,37732.4,0.37872587,37710.19,0.16558489
BITSTAMP_SPOT_BTC_USD,2022-02-28T00:02:10.2970000Z,2022-02-28T00:02:10.3108019Z,37734.29,0.19673657,37710.29,0.38
BITSTAMP_SPOT_BTC_USD,2022-02-28T00:02:10.4030000Z,2022-02-28T00:02:10.4319452Z,37733.33,0.13223887,37710.3,0.1
BITSTAMP_SPOT_BTC_USD,2022-02-28T00:02:10.5010000Z,2022-02-28T00:02:10.5150765Z,37734.29,0.19673657,37710.3,0.1
BITSTAMP_SPOT_BTC_USD,2022-02-28T00:02:10.6040000Z,2022-02-28T00:02:10.6312246Z,37734.29,0.19673657,37710.32,0.38
BITSTAMP_SPOT_BTC_USD,2022-02-28T00:02:10.6970000Z,2022-02-28T00:02:10.7096781Z,37734.29,0.19673657,37710.33,0.1
BITSTAMP_SPOT_BTC_USD,2022-02-28T00:02:11.0980000Z,2022-02-28T00:02:11.1107217Z,37737.19,0.02321,37710.7,0.38
BITSTAMP_SPOT_BTC_USD,2022-02-28T00:02:11.2090000Z,2022-02-28T00:02:11.2333551Z,37737.19,0.02321,37710.72,0.152
BITSTAMP_SPOT_BTC_USD,2022-02-28T00:02:11.2970000Z,2022-02-28T00:02:11.3100122Z,37737.19,0.02321,37710.73,0.02
BITSTAMP_SPOT_BTC_USD,2022-02-28T00:02:11.4310000Z,2022-02-28T00:02:11.4582356Z,37737.19,0.02321,37710.74,0.1
BITSTAMP_SPOT_BTC_USD,2022-02-28T00:02:11.4980000Z,2022-02-28T00:02:11.5103868Z,37737.19,0.02321,37714.92,0.152
BITSTAMP_SPOT_BTC_USD,2022-02-28T00:02:11.6060000Z,2022-02-28T00:02:11.6378866Z,37737.19,0.02321,37714.92,0.532
BITSTAMP_SPOT_BTC_USD,2022-02-28T00:02:11.6980000Z,2022-02-28T00:02:11.7115103Z,37737.19,0.02321,37719.99,0.16555106
BITSTAMP_SPOT_BTC_USD,2022-02-28T00:02:13.2980000Z,2022-02-28T00:02:13.3106139Z,37737.19,0.02321,37719.99,0.16779549
BITSTAMP_SPOT_BTC_USD,2022-02-28T00:02:13.4050000Z,2022-02-28T00:02:13.4308917Z,37737.19,0.02321,37720.0,0.1
BITSTAMP_SPOT_BTC_USD,2022-02-28T00:02:13.4970000Z,2022-02-28T00:02:13.5105332Z,37737.19,0.02321,37719.99,0.16779549
BITSTAMP_SPOT_BTC_USD,2022-02-28T00:02:13.6970000Z,2022-02-28T00:02:13.7101793Z,37737.19,0.02321,37720.0,0.13197889
BITSTAMP_SPOT_BTC_USD,2022-02-28T00:02:13.8030000Z,2022-02-28T00:02:13.8248991Z,37737.19,0.02321,37720.01,0.1
BITSTAMP_SPOT_BTC_USD,2022-02-28T00:02:13.8980000Z,2022-02-28T00:02:13.9106099Z,37737.19,0.02321,37719.99,0.16779549
BITSTAMP_SPOT_BTC_USD,2022-02-28T00:02:14.0980000Z,2022-02-28T00:02:14.1098038Z,37737.19,0.02321,37720.02,0.152
BITSTAMP_SPOT_BTC_USD,2022-02-28T00:02:14.2160000Z,2022-02-28T00:02:14.2478675Z,37737.19,0.02321,37720.0,0.02
BITSTAMP_SPOT_BTC_USD,2022-02-28T00:02:14.4070000Z,2022-02-28T00:02:14.4262217Z,37737.19,0.02321,37721.82,0.38
BITSTAMP_SPOT_BTC_USD,2022-02-28T00:02:14.8970000Z,2022-02-28T00:02:14.9105835Z,37737.19,0.02321,37721.83,0.02
BITSTAMP_SPOT_BTC_USD,2022-02-28T00:02:15.0120000Z,2022-02-28T00:02:15.0444755Z,37737.19,0.02321,37723.95,0.152
BITSTAMP_SPOT_BTC_USD,2022-02-28T00:02:15.0970000Z,2022-02-28T00:02:15.1097520Z,37737.19,0.02321,37723.95,0.532
BITSTAMP_SPOT_BTC_USD,2022-02-28T00:02:15.2030000Z,2022-02-28T00:02:15.2324571Z,37737.19,1e-05,37731.18,0.16500642
BITSTAMP_SPOT_BTC_USD,2022-02-28T00:02:15.4090000Z,2022-02-28T00:02:15.4404764Z,37737.19,1e-05,37731.19,0.02
BITSTAMP_SPOT_BTC_USD,2022-02-28T00:02:15.8970000Z,2022-02-28T00:02:15.9101768Z,37737.19,1e-05,37731.18,0.16500642
BITSTAMP_SPOT_BTC_USD,2022-02-28T00:02:16.2100000Z,2022-02-28T00:02:16.2294876Z,37737.19,1e-05,37731.19,0.02
BITSTAMP_SPOT_BTC_USD,2022-02-28T00:02:16.4970000Z,2022-02-28T00:02:16.5106131Z,37737.19,1e-05,37731.18,0.16500642
BITSTAMP_SPOT_BTC_USD,2022-02-28T00:02:16.6980000Z,2022-02-28T00:02:16.7108586Z,37737.19,1e-05,37731.19,0.13189269
BITSTAMP_SPOT_BTC_USD,2022-02-28T00:02:16.8040000Z,2022-02-28T00:02:16.8284696Z,37737.19,1e-05,37731.18,0.16500642
BITSTAMP_SPOT_BTC_USD,2022-02-28T00:02:17.0060000Z,2022-02-28T00:02:17.0305790Z,37737.19,1e-05,37731.23,0.38
BITSTAMP_SPOT_BTC_USD,2022-02-28T00:02:17.0980000Z,2022-02-28T00:02:17.1106840Z,37737.19,1e-05,37731.24,0.02
BITSTAMP_SPOT_BTC_USD,2022-02-28T00:02:17.2110000Z,2022-02-28T00:02:17.2564673Z,37759.91,0.18626203,37731.24,0.02
BITSTAMP_SPOT_BTC_USD,2022-02-28T00:02:17.2970000Z,2022-02-28T00:02:17.3105018Z,37761.33,0.1896575,37736.34,0.18725143
BITSTAMP_SPOT_BTC_USD,2022-02-28T00:02:17.4070000Z,2022-02-28T00:02:17.4315864Z,37759.11,0.38,37736.34,0.18725143
BITSTAMP_SPOT_BTC_USD,2022-02-28T00:02:17.6030000Z,2022-02-28T00:02:17.6410681Z,37759.11,0.38,37731.25,0.19795806
BITSTAMP_SPOT_BTC_USD,2022-02-28T00:02:17.6970000Z,2022-02-28T00:02:17.7092931Z,37759.11,0.38,37743.28,0.16500052
BITSTAMP_SPOT_BTC_USD,2022-02-28T00:02:18.0970000Z,2022-02-28T00:02:18.1103332Z,37759.11,0.38,37731.34,0.02
BITSTAMP_SPOT_BTC_USD,2022-02-28T00:02:18.2030000Z,2022-02-28T00:02:18.2291239Z,37759.11,0.38,37731.33,0.38
BITSTAMP_SPOT_BTC_USD,2022-02-28T00:02:18.2990000Z,2022-02-28T00:02:18.3190604Z,37759.11,0.38,37736.78,0.16515203
BITSTAMP_SPOT_BTC_USD,2022-02-28T00:02:18.6980000Z,2022-02-28T00:02:18.7105084Z,37759.1,0.016,37731.25,0.19795806
BITSTAMP_SPOT_BTC_USD,2022-02-28T00:02:18.8080000Z,2022-02-28T00:02:18.8364263Z,37759.11,0.38,37735.88,0.16548434
BITSTAMP_SPOT_BTC_USD,2022-02-28T00:02:18.9080000Z,2022-02-28T00:02:18.9213267Z,37759.1,0.37759334,37735.88,0.16548434
BITSTAMP_SPOT_BTC_USD,2022-02-28T00:02:19.0030000Z,2022-02-28T00:02:19.0340303Z,37757.82,0.38,37735.88,0.16548434
BITSTAMP_SPOT_BTC_USD,2022-02-28T00:02:19.0980000Z,2022-02-28T00:02:19.1114171Z,37759.1,0.37759334,37735.9,0.38
BITSTAMP_SPOT_BTC_USD,2022-02-28T00:02:19.2970000Z,2022-02-28T00:02:19.3085905Z,37759.1,0.37759334,37735.88,0.16548434
BITSTAMP_SPOT_BTC_USD,2022-02-28T00:02:19.4070000Z,2022-02-28T00:02:19.4327741Z,37757.8,0.38,37735.88,0.16548434
BITSTAMP_SPOT_BTC_USD,2022-02-28T00:02:19.6020000Z,2022-02-28T00:02:19.6300640Z,37761.33,0.1896575,37736.12,0.38
BITSTAMP_SPOT_BTC_USD,2022-02-28T00:02:19.8020000Z,2022-02-28T00:02:19.8320709Z,37761.33,0.1896575,37737.01,0.38
BITSTAMP_SPOT_BTC_USD,2022-02-28T00:02:19.8970000Z,2022-02-28T00:02:19.9104223Z,37761.33,0.1896575,37735.88,0.16548434
BITSTAMP_SPOT_BTC_USD,2022-02-28T00:02:20.0970000Z,2022-02-28T00:02:20.1097514Z,37761.32,0.1,37735.88,0.16548434
BITSTAMP_SPOT_BTC_USD,2022-02-28T00:02:20.2090000Z,2022-02-28T00:02:20.2334746Z,37768.34,0.18496155,37737.76,0.38
BITSTAMP_SPOT_BTC_USD,2022-02-28T00:02:20.2990000Z,2022-02-28T00:02:20.3154759Z,37764.92,0.16496885,37737.77,0.02
BITSTAMP_SPOT_BTC_USD,2022-02-28T00:02:20.4020000Z,2022-02-28T00:02:20.4316224Z,37764.92,0.16496885,37741.56,0.02
BITSTAMP_SPOT_BTC_USD,2022-02-28T00:02:20.4980000Z,2022-02-28T00:02:20.5113136Z,37764.92,0.16496885,37737.77,0.02
BITSTAMP_SPOT_BTC_USD,2022-02-28T00:02:20.6260000Z,2022-02-28T00:02:20.6508428Z,37764.92,0.16496885,37746.08,0.16512026
BITSTAMP_SPOT_BTC_USD,2022-02-28T00:02:20.8990000Z,2022-02-28T00:02:20.9137731Z,37768.34,0.18496155,37746.36,0.38
BITSTAMP_SPOT_BTC_USD,2022-02-28T00:02:21.0070000Z,2022-02-28T00:02:21.0455238Z,37768.34,0.18496155,37746.37,0.02
BITSTAMP_SPOT_BTC_USD,2022-02-28T00:02:21.0980000Z,2022-02-28T00:02:21.1113535Z,37772.82,0.16518168,37746.36,0.38
BITSTAMP_SPOT_BTC_USD,2022-02-28T00:02:21.2100000Z,2022-02-28T00:02:21.2579943Z,37772.82,0.16518168,37746.48,0.152
BITSTAMP_SPOT_BTC_USD,2022-02-28T00:02:21.3010000Z,2022-02-28T00:02:21.3154036Z,37772.82,0.16518168,37746.49,0.02
BITSTAMP_SPOT_BTC_USD,2022-02-28T00:02:21.4000000Z,2022-02-28T00:02:21.4316786Z,37770.94,0.38,37746.49,0.02
BITSTAMP_SPOT_BTC_USD,2022-02-28T00:02:21.4980000Z,2022-02-28T00:02:21.5109112Z,37770.94,0.38,37746.37,0.03
BITSTAMP_SPOT_BTC_USD,2022-02-28T00:02:21.6380000Z,2022-02-28T00:02:21.6633497Z,37770.93,0.1,37746.08,0.16512026
BITSTAMP_SPOT_BTC_USD,2022-02-28T00:02:21.6980000Z,2022-02-28T00:02:21.7109032Z,37769.05,0.38,37746.08,0.16512026
BITSTAMP_SPOT_BTC_USD,2022-02-28T00:02:22.0970000Z,2022-02-28T00:02:22.1105295Z,37768.42,0.16544629,37746.08,0.16512026
BITSTAMP_SPOT_BTC_USD,2022-02-28T00:02:22.2030000Z,2022-02-28T00:02:22.2166008Z,37766.54,0.38,37746.08,0.16512026
BITSTAMP_SPOT_BTC_USD,2022-02-28T00:02:23.6010000Z,2022-02-28T00:02:23.6204139Z,37768.42,0.16544629,37746.08,0.16512026
BITSTAMP_SPOT_BTC_USD,2022-02-28T00:02:23.6970000Z,2022-02-28T00:02:23.7100671Z,37768.42,0.16544629,37746.12,0.38
BITSTAMP_SPOT_BTC_USD,2022-02-28T00:02:23.8040000Z,2022-02-28T00:02:23.8411043Z,37768.42,0.16544629,37746.08,0.16512026
BITSTAMP_SPOT_BTC_USD,2022-02-28T00:02:24.2060000Z,2022-02-28T00:02:24.2296664Z,37767.36,0.38,37746.08,0.16512026
BITSTAMP_SPOT_BTC_USD,2022-02-28T00:02:24.6160000Z,2022-02-28T00:02:24.6471412Z,37768.42,0.16544629,37746.08,0.16512026
BITSTAMP_SPOT_BTC_USD,2022-02-28T00:02:24.6980000Z,2022-02-28T00:02:24.7096494Z,37772.1,0.1876641,37746.24,0.38
BITSTAMP_SPOT_BTC_USD,2022-02-28T00:02:25.0030000Z,2022-02-28T00:02:25.0247652Z,37772.1,0.3396641,37746.08,0.16512026
BITSTAMP_SPOT_BTC_USD,2022-02-28T00:02:25.0970000Z,2022-02-28T00:02:25.1103478Z,37772.1,0.1876641,37746.25,0.1
BITSTAMP_SPOT_BTC_USD,2022-02-28T00:02:25.2120000Z,2022-02-28T00:02:25.2504288Z,37772.1,0.1876641,37746.08,0.16512026
BITSTAMP_SPOT_BTC_USD,2022-02-28T00:02:25.6030000Z,2022-02-28T00:02:25.6241575Z,37770.22,0.38,37746.08,0.16512026
BITSTAMP_SPOT_BTC_USD,2022-02-28T00:02:26.2980000Z,2022-02-28T00:02:26.3119762Z,37770.22,0.38,37746.09,0.1
BITSTAMP_SPOT_BTC_USD,2022-02-28T00:02:26.6030000Z,2022-02-28T00:02:26.6225063Z,37770.22,0.38,37746.08,0.16512026
BITSTAMP_SPOT_BTC_USD,2022-02-28T00:02:26.8070000Z,2022-02-28T00:02:26.8533545Z,37770.22,0.38,37746.09,0.13226024
BITSTAMP_SPOT_BTC_USD,2022-02-28T00:02:26.8980000Z,2022-02-28T00:02:26.9105406Z,37770.22,0.38,37746.08,0.16512026
BITSTAMP_SPOT_BTC_USD,2022-02-28T00:02:27.0190000Z,2022-02-28T00:02:27.0418012Z,37778.15,0.00284356,37747.2,0.38
BITSTAMP_SPOT_BTC_USD,2022-02-28T00:02:27.0990000Z,2022-02-28T00:02:27.1128368Z,37778.15,0.00284356,37747.21,0.02
BITSTAMP_SPOT_BTC_USD,2022-02-28T00:02:27.2020000Z,2022-02-28T00:02:27.2359006Z,37778.15,0.00284356,37747.22,0.12
BITSTAMP_SPOT_BTC_USD,2022-02-28T00:02:27.2980000Z,2022-02-28T00:02:27.3202577Z,37778.15,0.00284356,37749.09,0.38
BITSTAMP_SPOT_BTC_USD,2022-02-28T00:02:27.4030000Z,2022-02-28T00:02:27.4598596Z,37776.27,0.38,37749.09,0.38
BITSTAMP_SPOT_BTC_USD,2022-02-28T00:02:27.6970000Z,2022-02-28T00:02:27.7097204Z,37778.15,0.00284356,37749.09,0.38
BITSTAMP_SPOT_BTC_USD,2022-02-28T00:02:27.9020000Z,2022-02-28T00:02:27.9160824Z,37778.15,0.00284356,37746.12,0.152
BITSTAMP_SPOT_BTC_USD,2022-02-28T00:02:28.0030000Z,2022-02-28T00:02:28.0246362Z,37778.15,0.00284356,37751.25,0.38
BITSTAMP_SPOT_BTC_USD,2022-02-28T00:02:28.0980000Z,2022-02-28T00:02:28.1106808Z,37778.15,0.00284356,37746.13,0.02
BITSTAMP_SPOT_BTC_USD,2022-02-28T00:02:28.2310000Z,2022-02-28T00:02:28.2550803Z,37778.15,0.00284356,37755.38,0.16494218
BITSTAMP_SPOT_BTC_USD,2022-02-28T00:02:28.4090000Z,2022-02-28T00:02:28.4369594Z,37776.27,0.38,37755.38,0.16494218
BITSTAMP_SPOT_BTC_USD,2022-02-28T00:02:29.2070000Z,2022-02-28T00:02:29.2232728Z,37774.38,0.38,37755.38,0.16494218
BITSTAMP_SPOT_BTC_USD,2022-02-28T00:02:29.4070000Z,2022-02-28T00:02:29.4304357Z,37774.12,0.16503971,37744.66,0.2119
BITSTAMP_SPOT_BTC_USD,2022-02-28T00:02:29.4970000Z,2022-02-28T00:02:29.5105972Z,37772.24,0.38,37754.48,0.16536153
BITSTAMP_SPOT_BTC_USD,2022-02-28T00:02:30.0040000Z,2022-02-28T00:02:30.0406186Z,37772.24,0.38,37742.3,0.152
BITSTAMP_SPOT_BTC_USD,2022-02-28T00:02:30.0970000Z,2022-02-28T00:02:30.1103150Z,37772.24,0.532,37744.67,0.1322112
BITSTAMP_SPOT_BTC_USD,2022-02-28T00:02:30.2080000Z,2022-02-28T00:02:30.2597996Z,37772.22,0.016,37755.38,0.00112116
BITSTAMP_SPOT_BTC_USD,2022-02-28T00:02:30.2970000Z,2022-02-28T00:02:30.3184033Z,37772.17,0.016,37755.38,0.00112116
BITSTAMP_SPOT_BTC_USD,2022-02-28T00:02:30.4180000Z,2022-02-28T00:02:30.4575584Z,37770.35,0.38,37755.38,0.00112116
BITSTAMP_SPOT_BTC_USD,2022-02-28T00:02:30.4970000Z,2022-02-28T00:02:30.5107478Z,37770.34,0.016,37755.38,0.00112116
BITSTAMP_SPOT_BTC_USD,2022-02-28T00:02:30.8970000Z,2022-02-28T00:02:30.9103735Z,37770.35,0.38,37755.38,0.00112116
BITSTAMP_SPOT_BTC_USD,2022-02-28T00:02:31.6150000Z,2022-02-28T00:02:31.6388148Z,37767.92,0.16551503,37755.38,0.00112116
BITSTAMP_SPOT_BTC_USD,2022-02-28T00:02:32.0970000Z,2022-02-28T00:02:32.1109250Z,37767.85,0.38,37755.38,0.00112116
BITSTAMP_SPOT_BTC_USD,2022-02-28T00:02:33.4060000Z,2022-02-28T00:02:33.4267588Z,37767.85,0.38,37748.28,0.16522314
BITSTAMP_SPOT_BTC_USD,2022-02-28T00:02:33.4980000Z,2022-02-28T00:02:33.5111461Z,37767.85,0.38,37741.58,0.38208914
BITSTAMP_SPOT_BTC_USD,2022-02-28T00:02:33.6030000Z,2022-02-28T00:02:33.6233425Z,37767.85,0.38,37746.18,0.16511019
BITSTAMP_SPOT_BTC_USD,2022-02-28T00:02:33.8010000Z,2022-02-28T00:02:33.8178050Z,37767.85,0.38,37741.58,0.18965855
BITSTAMP_SPOT_BTC_USD,2022-02-28T00:02:33.8970000Z,2022-02-28T00:02:33.9105797Z,37767.84,0.016,37741.57,0.18532522
BITSTAMP_SPOT_BTC_USD,2022-02-28T00:02:34.0080000Z,2022-02-28T00:02:34.0350283Z,37763.98,0.152,37744.18,0.16547131
BITSTAMP_SPOT_BTC_USD,2022-02-28T00:02:34.0980000Z,2022-02-28T00:02:34.1116833Z,37763.97,0.03275183,37741.57,0.18532522
BITSTAMP_SPOT_BTC_USD,2022-02-28T00:02:34.2080000Z,2022-02-28T00:02:34.2369182Z,37761.82,0.16525006,37732.39,0.18035079
BITSTAMP_SPOT_BTC_USD,2022-02-28T00:02:34.2970000Z,2022-02-28T00:02:34.3100707Z,37760.36,0.38,37741.08,0.16514022
BITSTAMP_SPOT_BTC_USD,2022-02-28T00:02:34.4090000Z,2022-02-28T00:02:34.4465400Z,37760.36,0.38,37734.27,0.38
BITSTAMP_SPOT_BTC_USD,2022-02-28T00:02:34.4970000Z,2022-02-28T00:02:34.5108468Z,37760.35,0.18245361,37740.28,0.16518086
BITSTAMP_SPOT_BTC_USD,2022-02-28T00:02:34.6040000Z,2022-02-28T00:02:34.6240393Z,37760.35,0.28245361,37734.27,0.38
BITSTAMP_SPOT_BTC_USD,2022-02-28T00:02:34.6990000Z,2022-02-28T00:02:34.7120145Z,37760.35,0.28245361,37735.78,0.16504017
BITSTAMP_SPOT_BTC_USD,2022-02-28T00:02:34.8970000Z,2022-02-28T00:02:34.9095344Z,37759.82,0.152,37735.78,0.16504017
BITSTAMP_SPOT_BTC_USD,2022-02-28T00:02:35.0140000Z,2022-02-28T00:02:35.0446291Z,37759.81,0.016,37728.55,0.19657336
BITSTAMP_SPOT_BTC_USD,2022-02-28T00:02:35.0980000Z,2022-02-28T00:02:35.1103499Z,37759.82,0.38,37734.18,0.16545346
BITSTAMP_SPOT_BTC_USD,2022-02-28T00:02:35.2000000Z,2022-02-28T00:02:35.2266180Z,37757.92,0.38,37728.55,0.19657336
BITSTAMP_SPOT_BTC_USD,2022-02-28T00:02:35.2970000Z,2022-02-28T00:02:35.3110712Z,37757.91,0.1,37727.98,0.1819406
BITSTAMP_SPOT_BTC_USD,2022-02-28T00:02:35.4290000Z,2022-02-28T00:02:35.4512333Z,37752.36,0.38,37731.48,0.1652981
BITSTAMP_SPOT_BTC_USD,2022-02-28T00:02:35.4980000Z,2022-02-28T00:02:35.5122771Z,37752.35,0.37463277,37731.48,0.1652981
BITSTAMP_SPOT_BTC_USD,2022-02-28T00:02:35.6020000Z,2022-02-28T00:02:35.6251749Z,37751.52,0.16523803,37731.48,0.1652981
BITSTAMP_SPOT_BTC_USD,2022-02-28T00:02:36.0090000Z,2022-02-28T00:02:36.0307452Z,37751.51,0.016,37727.98,0.1819406
BITSTAMP_SPOT_BTC_USD,2022-02-28T00:02:36.0970000Z,2022-02-28T00:02:36.1092177Z,37749.64,0.38,37729.78,0.16544108
BITSTAMP_SPOT_BTC_USD,2022-02-28T00:02:36.2030000Z,2022-02-28T00:02:36.2302498Z,37747.69,0.152,37720.35,0.19613151
BITSTAMP_SPOT_BTC_USD,2022-02-28T00:02:36.2980000Z,2022-02-28T00:02:36.3114946Z,37749.62,0.1,37723.68,0.16519769
BITSTAMP_SPOT_BTC_USD,2022-02-28T00:02:36.4010000Z,2022-02-28T00:02:36.4282127Z,37740.51,0.16515497,37716.66,0.152
BITSTAMP_SPOT_BTC_USD,2022-02-28T00:02:36.4970000Z,2022-02-28T00:02:36.5096671Z,37747.68,0.66700348,37720.89,0.16541218
BITSTAMP_SPOT_BTC_USD,2022-02-28T00:02:36.6230000Z,2022-02-28T00:02:36.6527790Z,37741.62,0.16546303,37720.89,0.16541218
BITSTAMP_SPOT_BTC_USD,2022-02-28T00:02:36.6980000Z,2022-02-28T00:02:36.7108971Z,37739.85,0.38,37720.89,0.16541218
BITSTAMP_SPOT_BTC_USD,2022-02-28T00:02:37.0970000Z,2022-02-28T00:02:37.1103545Z,37741.62,0.16546303,37720.89,0.16541218
BITSTAMP_SPOT_BTC_USD,2022-02-28T00:02:37.2010000Z,2022-02-28T00:02:37.2379986Z,37745.78,0.52200511,37720.89,0.16541218
BITSTAMP_SPOT_BTC_USD,2022-02-28T00:02:37.2980000Z,2022-02-28T00:02:37.3110726Z,37742.12,0.16539342,37720.89,0.16541218
BITSTAMP_SPOT_BTC_USD,2022-02-28T00:02:37.6020000Z,2022-02-28T00:02:37.6244825Z,37745.78,0.38951388,37711.47,0.19223614
BITSTAMP_SPOT_BTC_USD,2022-02-28T00:02:37.6980000Z,2022-02-28T00:02:37.7110269Z,37743.52,0.16540317,37717.19,0.16562875
BITSTAMP_SPOT_BTC_USD,2022-02-28T00:02:37.8130000Z,2022-02-28T00:02:37.8598536Z,37741.64,0.38,37717.19,0.16562875
BITSTAMP_SPOT_BTC_USD,2022-02-28T00:02:37.8970000Z,2022-02-28T00:02:37.9103153Z,37741.63,0.016,37717.19,0.16562875
BITSTAMP_SPOT_BTC_USD,2022-02-28T00:02:38.0980000Z,2022-02-28T00:02:38.1099154Z,37741.62,0.1,37717.19,0.16562875
BITSTAMP_SPOT_BTC_USD,2022-02-28T00:02:38.2010000Z,2022-02-28T00:02:38.2311241Z,37739.74,0.38,37717.19,0.16562875
BITSTAMP_SPOT_BTC_USD,2022-02-28T00:02:38.2980000Z,2022-02-28T00:02:38.3104290Z,37739.73,0.36935263,37717.19,0.16562875
BITSTAMP_SPOT_BTC_USD,2022-02-28T00:02:38.6970000Z,2022-02-28T00:02:38.7100346Z,37739.61,0.38,37717.19,0.16562875
BITSTAMP_SPOT_BTC_USD,2022-02-28T00:02:38.9010000Z,2022-02-28T00:02:38.9132534Z,37739.6,0.016,37713.41,0.13220438
BITSTAMP_SPOT_BTC_USD,2022-02-28T00:02:39.0030000Z,2022-02-28T00:02:39.0498205Z,37739.59,0.1,37715.99,0.16545917
BITSTAMP_SPOT_BTC_USD,2022-02-28T00:02:39.0970000Z,2022-02-28T00:02:39.1141785Z,37737.71,0.38,37711.46,0.19552377
BITSTAMP_SPOT_BTC_USD,2022-02-28T00:02:39.2110000Z,2022-02-28T00:02:39.2399000Z,37737.71,0.38,37714.39,0.16557763
BITSTAMP_SPOT_BTC_USD,2022-02-28T00:02:39.2980000Z,2022-02-28T00:02:39.3118146Z,37734.01,0.16528976,37714.39,0.16557763
BITSTAMP_SPOT_BTC_USD,2022-02-28T00:02:39.4060000Z,2022-02-28T00:02:39.4294106Z,37733.98,0.38,37714.39,0.16557763
BITSTAMP_SPOT_BTC_USD,2022-02-28T00:02:39.6970000Z,2022-02-28T00:02:39.7102139Z,37733.97,0.1,37714.39,0.16557763
BITSTAMP_SPOT_BTC_USD,2022-02-28T00:02:39.8110000Z,2022-02-28T00:02:39.8284070Z,37732.25,0.38,37714.39,0.16557763
BITSTAMP_SPOT_BTC_USD,2022-02-28T00:02:39.8980000Z,2022-02-28T00:02:39.9113105Z,37732.24,0.1,37702.66,0.39448139
BITSTAMP_SPOT_BTC_USD,2022-02-28T00:02:40.0030000Z,2022-02-28T00:02:40.0403918Z,37731.75,0.38,37713.19,0.16544322
BITSTAMP_SPOT_BTC_USD,2022-02-28T00:02:40.2020000Z,2022-02-28T00:02:40.2283971Z,37731.75,0.38,37708.29,0.38
BITSTAMP_SPOT_BTC_USD,2022-02-28T00:02:40.2980000Z,2022-02-28T00:02:40.3104474Z,37731.75,0.532,37710.69,0.16524783
BITSTAMP_SPOT_BTC_USD,2022-02-28T00:02:40.4200000Z,2022-02-28T00:02:40.4698862Z,37731.74,0.116,37695.93,0.18818304
BITSTAMP_SPOT_BTC_USD,2022-02-28T00:02:40.4970000Z,2022-02-28T00:02:40.5104795Z,37729.86,0.38,37698.26,0.39399814
BITSTAMP_SPOT_BTC_USD,2022-02-28T00:02:40.6970000Z,2022-02-28T00:02:40.7111570Z,37727.31,0.16534176,37704.99,0.16541506
BITSTAMP_SPOT_BTC_USD,2022-02-28T00:02:40.8010000Z,2022-02-28T00:02:40.8490699Z,37727.04,0.38,37704.99,0.16541506
BITSTAMP_SPOT_BTC_USD,2022-02-28T00:02:41.2040000Z,2022-02-28T00:02:41.2264196Z,37727.03,0.18672571,37704.99,0.16541506
BITSTAMP_SPOT_BTC_USD,2022-02-28T00:02:41.3000000Z,2022-02-28T00:02:41.3138897Z,37725.95,0.38,37704.99,0.16541506
BITSTAMP_SPOT_BTC_USD,2022-02-28T00:02:41.3990000Z,2022-02-28T00:02:41.4178235Z,37725.94,0.1,37704.99,0.16541506
BITSTAMP_SPOT_BTC_USD,2022-02-28T00:02:41.4970000Z,2022-02-28T00:02:41.5100006Z,37725.0,0.38,37695.94,0.1983406
BITSTAMP_SPOT_BTC_USD,2022-02-28T00:02:41.6050000Z,2022-02-28T00:02:41.6357840Z,37724.99,0.116,37703.79,0.16569809
BITSTAMP_SPOT_BTC_USD,2022-02-28T00:02:41.6970000Z,2022-02-28T00:02:41.7093267Z,37724.98,0.016,37703.79,0.16569809
BITSTAMP_SPOT_BTC_USD,2022-02-28T00:02:41.8070000Z,2022-02-28T00:02:41.8376276Z,37723.11,0.38,37703.79,0.16569809
BITSTAMP_SPOT_BTC_USD,2022-02-28T00:02:41.9000000Z,2022-02-28T00:02:41.9141847Z,37723.1,0.016,37703.79,0.16569809
BITSTAMP_SPOT_BTC_USD,2022-02-28T00:02:42.0000000Z,2022-02-28T00:02:42.0298925Z,37713.91,0.16542102,37687.91,0.18814515
BITSTAMP_SPOT_BTC_USD,2022-02-28T00:02:42.0970000Z,2022-02-28T00:02:42.1096642Z,37713.91,0.16542102,37697.81,0.38
BITSTAMP_SPOT_BTC_USD,2022-02-28T00:02:42.2980000Z,2022-02-28T00:02:42.3094835Z,37713.91,0.16273102,37697.81,0.38
BITSTAMP_SPOT_BTC_USD,2022-02-28T00:02:42.5000000Z,2022-02-28T00:02:42.5148858Z,37713.91,0.29505321,37694.29,0.16537283
BITSTAMP_SPOT_BTC_USD,2022-02-28T00:02:42.6050000Z,2022-02-28T00:02:42.6333211Z,37713.91,0.54273102,37687.91,0.18814515
BITSTAMP_SPOT_BTC_USD,2022-02-28T00:02:42.8070000Z,2022-02-28T00:02:42.8389211Z,37713.9,0.116,37689.69,0.16536501
BITSTAMP_SPOT_BTC_USD,2022-02-28T00:02:42.9070000Z,2022-02-28T00:02:42.9210092Z,37713.89,0.18108953,37689.69,0.16536501
BITSTAMP_SPOT_BTC_USD,2022-02-28T00:02:43.0010000Z,2022-02-28T00:02:43.0329331Z,37713.89,0.18108953,37687.91,0.18814515
BITSTAMP_SPOT_BTC_USD,2022-02-28T00:02:43.0980000Z,2022-02-28T00:02:43.1100749Z,37713.89,0.18108953,37689.79,0.38
BITSTAMP_SPOT_BTC_USD,2022-02-28T00:02:43.4990000Z,2022-02-28T00:02:43.5214443Z,37713.88,0.39885858,37689.79,0.38
BITSTAMP_SPOT_BTC_USD,2022-02-28T00:02:43.6070000Z,2022-02-28T00:02:43.6523731Z,37712.95,0.38,37689.79,0.38
BITSTAMP_SPOT_BTC_USD,2022-02-28T00:02:44.2970000Z,2022-02-28T00:02:44.3099299Z,37712.94,0.39396644,37688.19,0.16518964
BITSTAMP_SPOT_BTC_USD,2022-02-28T00:02:44.4040000Z,2022-02-28T00:02:44.4292957Z,37712.51,0.38,37688.19,0.16518964
BITSTAMP_SPOT_BTC_USD,2022-02-28T00:02:44.4970000Z,2022-02-28T00:02:44.5090111Z,37712.51,0.38,37689.79,0.13242162
BITSTAMP_SPOT_BTC_USD,2022-02-28T00:02:44.6030000Z,2022-02-28T00:02:44.6262355Z,37712.51,0.38,37688.19,0.16518964
BITSTAMP_SPOT_BTC_USD,2022-02-28T00:02:44.6970000Z,2022-02-28T00:02:44.7091337Z,37711.86,0.38,37688.19,0.16518964
BITSTAMP_SPOT_BTC_USD,2022-02-28T00:02:45.2970000Z,2022-02-28T00:02:45.3108798Z,37711.86,0.38,37688.95,0.38
BITSTAMP_SPOT_BTC_USD,2022-02-28T00:02:46.2180000Z,2022-02-28T00:02:46.2403844Z,37711.86,0.38,37688.19,0.16518964
BITSTAMP_SPOT_BTC_USD,2022-02-28T00:02:46.4020000Z,2022-02-28T00:02:46.4309419Z,37711.86,0.38,37688.95,0.13244815
BITSTAMP_SPOT_BTC_USD,2022-02-28T00:02:46.4980000Z,2022-02-28T00:02:46.5121483Z,37711.86,0.38,37688.19,0.16518964
BITSTAMP_SPOT_BTC_USD,2022-02-28T00:02:46.6010000Z,2022-02-28T00:02:46.6297435Z,37711.85,0.1,37684.7,0.80083673
BITSTAMP_SPOT_BTC_USD,2022-02-28T00:02:46.6970000Z,2022-02-28T00:02:46.7101944Z,37708.0,0.38,37684.7,0.80083673
BITSTAMP_SPOT_BTC_USD,2022-02-28T00:02:46.8250000Z,2022-02-28T00:02:46.8519188Z,37708.0,0.38,37687.09,0.16537288
BITSTAMP_SPOT_BTC_USD,2022-02-28T00:02:46.8970000Z,2022-02-28T00:02:46.9102882Z,37708.0,0.532,37687.09,0.16537288
BITSTAMP_SPOT_BTC_USD,2022-02-28T00:02:47.0020000Z,2022-02-28T00:02:47.0255082Z,37707.99,0.05,37687.09,0.16537288
BITSTAMP_SPOT_BTC_USD,2022-02-28T00:02:47.2050000Z,2022-02-28T00:02:47.2292103Z,37707.99,0.05,37684.7,0.80083673
BITSTAMP_SPOT_BTC_USD,2022-02-28T00:02:47.2970000Z,2022-02-28T00:02:47.3099838Z,37707.65,0.38,37684.99,0.1656492
BITSTAMP_SPOT_BTC_USD,2022-02-28T00:02:48.4040000Z,2022-02-28T00:02:48.4513824Z,37707.65,0.38,37684.99,0.1656492
BITSTAMP_SPOT_BTC_USD,2022-02-28T00:02:48.8970000Z,2022-02-28T00:02:48.9104197Z,37707.65,0.532,37684.99,0.1656492
BITSTAMP_SPOT_BTC_USD,2022-02-28T00:02:49.0120000Z,2022-02-28T00:02:49.0416266Z,37707.64,0.06575191,37684.7,0.80083673
BITSTAMP_SPOT_BTC_USD,2022-02-28T00:02:49.0990000Z,2022-02-28T00:02:49.1132595Z,37707.63,0.05,37684.7,0.80083673
BITSTAMP_SPOT_BTC_USD,2022-02-28T00:02:49.2030000Z,2022-02-28T00:02:49.2338073Z,37705.76,0.38,37684.7,0.80083673
BITSTAMP_SPOT_BTC_USD,2022-02-28T00:02:49.2980000Z,2022-02-28T00:02:49.3118272Z,37705.75,0.11575191,37684.7,0.80083673
BITSTAMP_SPOT_BTC_USD,2022-02-28T00:02:49.4040000Z,2022-02-28T00:02:49.4291515Z,37703.87,0.38,37684.7,0.80083673
BITSTAMP_SPOT_BTC_USD,2022-02-28T00:02:49.4990000Z,2022-02-28T00:02:49.5141587Z,37702.28,0.066,37684.7,0.80083673
BITSTAMP_SPOT_BTC_USD,2022-02-28T00:02:49.5990000Z,2022-02-28T00:02:49.6157584Z,37698.5,0.16554707,37684.7,0.70424897
BITSTAMP_SPOT_BTC_USD,2022-02-28T00:02:49.6970000Z,2022-02-28T00:02:49.7091579Z,37698.49,0.04975191,37684.7,0.26703276
BITSTAMP_SPOT_BTC_USD,2022-02-28T00:02:49.8380000Z,2022-02-28T00:02:49.8634369Z,37698.49,0.04975191,37684.7,0.19014842
BITSTAMP_SPOT_BTC_USD,2022-02-28T00:02:49.8970000Z,2022-02-28T00:02:49.9099130Z,37698.28,0.152,37651.4,0.2444
BITSTAMP_SPOT_BTC_USD,2022-02-28T00:02:50.0130000Z,2022-02-28T00:02:50.0477442Z,37698.27,0.34117853,37669.0,0.16585718
BITSTAMP_SPOT_BTC_USD,2022-02-28T00:02:50.0980000Z,2022-02-28T00:02:50.1107022Z,37689.44,0.152,37659.58,0.15152278
BITSTAMP_SPOT_BTC_USD,2022-02-28T00:02:50.2290000Z,2022-02-28T00:02:50.2470292Z,37686.42,0.15162545,37659.58,0.15152278
BITSTAMP_SPOT_BTC_USD,2022-02-28T00:02:50.2980000Z,2022-02-28T00:02:50.3340865Z,37677.0,0.16539728,37659.58,0.15152278
BITSTAMP_SPOT_BTC_USD,2022-02-28T00:02:50.6040000Z,2022-02-28T00:02:50.6375260Z,37676.69,0.38,37659.58,0.15152278
BITSTAMP_SPOT_BTC_USD,2022-02-28T00:02:51.0010000Z,2022-02-28T00:02:51.0232514Z,37676.68,0.05,37653.7,0.16580239
BITSTAMP_SPOT_BTC_USD,2022-02-28T00:02:51.1050000Z,2022-02-28T00:02:51.1179520Z,37676.68,0.202,37642.48,0.00058666
BITSTAMP_SPOT_BTC_USD,2022-02-28T00:02:51.2060000Z,2022-02-28T00:02:51.2430322Z,37674.8,0.38,37642.48,0.00058666
BITSTAMP_SPOT_BTC_USD,2022-02-28T00:02:51.4050000Z,2022-02-28T00:02:51.4335409Z,37674.79,0.1,37642.48,0.00058666
BITSTAMP_SPOT_BTC_USD,2022-02-28T00:02:51.4970000Z,2022-02-28T00:02:51.5099359Z,37672.91,0.38,37642.48,0.15258666
BITSTAMP_SPOT_BTC_USD,2022-02-28T00:02:51.6080000Z,2022-02-28T00:02:51.6716581Z,37672.9,0.41062413,37642.49,0.02
BITSTAMP_SPOT_BTC_USD,2022-02-28T00:02:51.6980000Z,2022-02-28T00:02:51.7122363Z,37669.2,0.16595883,37644.1,0.16540572
BITSTAMP_SPOT_BTC_USD,2022-02-28T00:02:51.8330000Z,2022-02-28T00:02:51.8640733Z,37669.2,0.16595883,37645.98,0.38
BITSTAMP_SPOT_BTC_USD,2022-02-28T00:02:51.8970000Z,2022-02-28T00:02:51.9102246Z,37669.2,0.16595883,37645.98,0.532
BITSTAMP_SPOT_BTC_USD,2022-02-28T00:02:52.0060000Z,2022-02-28T00:02:52.0372074Z,37669.19,0.05,37645.98,0.38
BITSTAMP_SPOT_BTC_USD,2022-02-28T00:02:52.2040000Z,2022-02-28T00:02:52.2289014Z,37669.19,0.05,37648.4,0.16566063
BITSTAMP_SPOT_BTC_USD,2022-02-28T00:02:52.2970000Z,2022-02-28T00:02:52.3108469Z,37669.19,0.05,37648.96,0.38
BITSTAMP_SPOT_BTC_USD,2022-02-28T00:02:52.6980000Z,2022-02-28T00:02:52.7111526Z,37669.19,0.05,37648.41,0.18056519
BITSTAMP_SPOT_BTC_USD,2022-02-28T00:02:52.8040000Z,2022-02-28T00:02:52.8343465Z,37669.13,0.38,37648.41,0.18056519
BITSTAMP_SPOT_BTC_USD,2022-02-28T00:02:53.0970000Z,2022-02-28T00:02:53.1088568Z,37669.13,0.38,37642.48,0.00058666
BITSTAMP_SPOT_BTC_USD,2022-02-28T00:02:53.2230000Z,2022-02-28T00:02:53.2495975Z,37669.12,0.1,37642.48,0.00058666
BITSTAMP_SPOT_BTC_USD,2022-02-28T00:02:53.2980000Z,2022-02-28T00:02:53.3105097Z,37667.24,0.38,37642.48,0.00058666
BITSTAMP_SPOT_BTC_USD,2022-02-28T00:02:53.8980000Z,2022-02-28T00:02:53.9108935Z,37665.35,0.38,37642.48,0.00058666
BITSTAMP_SPOT_BTC_USD,2022-02-28T00:02:54.0970000Z,2022-02-28T00:02:54.1102707Z,37663.29,0.16596524,37642.48,0.00058666
BITSTAMP_SPOT_BTC_USD,2022-02-28T00:02:54.2070000Z,2022-02-28T00:02:54.2306496Z,37663.19,0.38,37642.48,0.00058666
BITSTAMP_SPOT_BTC_USD,2022-02-28T00:02:54.4970000Z,2022-02-28T00:02:54.5094432Z,37663.19,0.152,37642.48,0.00058666
BITSTAMP_SPOT_BTC_USD,2022-02-28T00:02:54.6970000Z,2022-02-28T00:02:54.7105204Z,37663.96,0.039,37642.48,0.00058666
BITSTAMP_SPOT_BTC_USD,2022-02-28T00:02:54.8030000Z,2022-02-28T00:02:54.8226752Z,37663.95,0.05,37642.48,0.00058666
BITSTAMP_SPOT_BTC_USD,2022-02-28T00:02:55.4970000Z,2022-02-28T00:02:55.5091768Z,37663.36,0.38,37642.48,0.00058666
BITSTAMP_SPOT_BTC_USD,2022-02-28T00:02:55.8070000Z,2022-02-28T00:02:55.8265969Z,37663.36,0.532,37642.48,0.00058666
BITSTAMP_SPOT_BTC_USD,2022-02-28T00:02:56.2980000Z,2022-02-28T00:02:56.3122750Z,37663.35,0.039,37642.48,0.00058666
BITSTAMP_SPOT_BTC_USD,2022-02-28T00:02:56.4020000Z,2022-02-28T00:02:56.4293842Z,37658.73,0.152,37642.48,0.00058666
BITSTAMP_SPOT_BTC_USD,2022-02-28T00:02:56.4970000Z,2022-02-28T00:02:56.5099352Z,37658.73,0.38,37642.48,0.00058666
BITSTAMP_SPOT_BTC_USD,2022-02-28T00:02:56.6060000Z,2022-02-28T00:02:56.6549042Z,37657.49,0.16558188,37642.48,0.00058666
BITSTAMP_SPOT_BTC_USD,2022-02-28T00:02:56.6970000Z,2022-02-28T00:02:56.7105798Z,37655.52,0.152,37642.48,0.00058666
BITSTAMP_SPOT_BTC_USD,2022-02-28T00:02:56.8100000Z,2022-02-28T00:02:56.8464449Z,37655.52,0.532,37642.48,0.00058666
BITSTAMP_SPOT_BTC_USD,2022-02-28T00:02:56.8990000Z,2022-02-28T00:02:56.9142464Z,37655.51,0.05,37620.16,0.18127585
BITSTAMP_SPOT_BTC_USD,2022-02-28T00:02:57.0020000Z,2022-02-28T00:02:57.0398702Z,37655.33,0.152,37622.04,0.38
BITSTAMP_SPOT_BTC_USD,2022-02-28T00:02:57.0980000Z,2022-02-28T00:02:57.1138801Z,37655.32,0.08,37622.04,0.532
BITSTAMP_SPOT_BTC_USD,2022-02-28T00:02:57.2110000Z,2022-02-28T00:02:57.2385475Z,37655.31,0.05,37622.04,0.532
BITSTAMP_SPOT_BTC_USD,2022-02-28T00:02:57.2970000Z,2022-02-28T00:02:57.3161193Z,37651.67,0.152,37621.11,0.16601974
BITSTAMP_SPOT_BTC_USD,2022-02-28T00:02:57.4010000Z,2022-02-28T00:02:57.4206157Z,37651.66,0.05,37613.57,0.152
BITSTAMP_SPOT_BTC_USD,2022-02-28T00:02:57.4980000Z,2022-02-28T00:02:57.5103384Z,37642.39,0.16572857,37613.58,0.02
BITSTAMP_SPOT_BTC_USD,2022-02-28T00:02:57.6070000Z,2022-02-28T00:02:57.6333104Z,37642.39,0.16572857,37620.31,0.16562083
BITSTAMP_SPOT_BTC_USD,2022-02-28T00:02:57.8090000Z,2022-02-28T00:02:57.8367173Z,37642.39,0.54572857,37620.31,0.16562083
BITSTAMP_SPOT_BTC_USD,2022-02-28T00:02:58.0060000Z,2022-02-28T00:02:58.0272430Z,37642.38,0.36085851,37617.47,0.38
BITSTAMP_SPOT_BTC_USD,2022-02-28T00:02:58.1060000Z,2022-02-28T00:02:58.1200747Z,37642.38,0.36085851,37619.41,0.16598834
BITSTAMP_SPOT_BTC_USD,2022-02-28T00:02:58.2060000Z,2022-02-28T00:02:58.2310868Z,37642.38,0.36085851,37617.47,0.38
BITSTAMP_SPOT_BTC_USD,2022-02-28T00:02:58.2980000Z,2022-02-28T00:02:58.3105894Z,37641.83,0.38,37618.01,0.1655328
BITSTAMP_SPOT_BTC_USD,2022-02-28T00:02:58.4190000Z,2022-02-28T00:02:58.4399750Z,37641.83,0.38,37611.71,0.18127585
BITSTAMP_SPOT_BTC_USD,2022-02-28T00:02:58.4980000Z,2022-02-28T00:02:58.5112359Z,37641.82,0.05,37615.71,0.1655199
BITSTAMP_SPOT_BTC_USD,2022-02-28T00:02:59.4040000Z,2022-02-28T00:02:59.4246765Z,37641.82,0.05,37611.71,0.18127585
BITSTAMP_SPOT_BTC_USD,2022-02-28T00:02:59.6030000Z,2022-02-28T00:02:59.6256709Z,37641.47,0.38,37613.41,0.16560127
BITSTAMP_SPOT_BTC_USD,2022-02-28T00:02:59.6970000Z,2022-02-28T00:02:59.7095141Z,37641.47,0.532,37590.45,0.152
BITSTAMP_SPOT_BTC_USD,2022-02-28T00:02:59.8060000Z,2022-02-28T00:02:59.8319346Z,37641.46,0.33571567,37609.01,0.16612626
BITSTAMP_SPOT_BTC_USD,2022-02-28T00:02:59.9000000Z,2022-02-28T00:02:59.9139267Z,37639.58,0.38,37594.37,0.152
BITSTAMP_SPOT_BTC_USD,2022-02-28T00:03:00.0030000Z,2022-02-28T00:03:00.0625228Z,37632.37,0.1,37598.92,0.16596752
BITSTAMP_SPOT_BTC_USD,2022-02-28T00:03:00.2020000Z,2022-02-28T00:03:00.2275096Z,37617.28,0.16603975,37584.62,0.24
BITSTAMP_SPOT_BTC_USD,2022-02-28T00:03:00.3040000Z,2022-02-28T00:03:00.3207338Z,37617.28,0.16603975,37595.52,0.16609337
BITSTAMP_SPOT_BTC_USD,2022-02-28T00:03:00.4170000Z,2022-02-28T00:03:00.4496006Z,37617.28,0.16603975,37589.51,0.13273353
BITSTAMP_SPOT_BTC_USD,2022-02-28T00:03:00.4980000Z,2022-02-28T00:03:00.5116919Z,37617.28,0.16603975,37591.39,0.38
BITSTAMP_SPOT_BTC_USD,2022-02-28T00:03:00.6020000Z,2022-02-28T00:03:00.6321392Z,37617.27,0.1,37591.39,0.38
BITSTAMP_SPOT_BTC_USD,2022-02-28T00:03:00.6970000Z,2022-02-28T00:03:00.7088365Z,37617.27,0.05,37591.4,0.1
BITSTAMP_SPOT_BTC_USD,2022-02-28T00:03:00.8020000Z,2022-02-28T00:03:00.8256762Z,37617.27,0.05,37593.28,0.38
BITSTAMP_SPOT_BTC_USD,2022-02-28T00:03:00.8970000Z,2022-02-28T00:03:00.9105545Z,37617.27,0.05,37599.02,0.16602044
BITSTAMP_SPOT_BTC_USD,2022-02-28T00:03:01.0210000Z,2022-02-28T00:03:01.0541919Z,37624.58,0.16578739,37599.02,0.31802044
BITSTAMP_SPOT_BTC_USD,2022-02-28T00:03:01.0980000Z,2022-02-28T00:03:01.1103358Z,37629.5,0.38,37599.02,0.31802044
BITSTAMP_SPOT_BTC_USD,2022-02-28T00:03:01.2060000Z,2022-02-28T00:03:01.2377009Z,37627.49,0.16577656,37599.03,0.1
BITSTAMP_SPOT_BTC_USD,2022-02-28T00:03:01.3000000Z,2022-02-28T00:03:01.3148891Z,37632.37,0.38419321,37602.78,0.152
BITSTAMP_SPOT_BTC_USD,2022-02-28T00:03:01.4080000Z,2022-02-28T00:03:01.4448894Z,37632.36,0.5874,37602.79,0.1
BITSTAMP_SPOT_BTC_USD,2022-02-28T00:03:01.4980000Z,2022-02-28T00:03:01.5107941Z,37630.39,0.16597596,37605.32,0.16561144
BITSTAMP_SPOT_BTC_USD,2022-02-28T00:03:01.6980000Z,2022-02-28T00:03:01.7110779Z,37630.39,0.16597596,37605.33,0.1
BITSTAMP_SPOT_BTC_USD,2022-02-28T00:03:01.8080000Z,2022-02-28T00:03:01.8392412Z,37630.39,0.16597596,37607.21,0.38
BITSTAMP_SPOT_BTC_USD,2022-02-28T00:03:01.8970000Z,2022-02-28T00:03:01.9107502Z,37632.36,0.5874,37607.21,0.38
BITSTAMP_SPOT_BTC_USD,2022-02-28T00:03:02.0040000Z,2022-02-28T00:03:02.0300964Z,37632.36,0.5874,37609.1,0.38
BITSTAMP_SPOT_BTC_USD,2022-02-28T00:03:02.2020000Z,2022-02-28T00:03:02.2225873Z,37632.36,0.5874,37605.32,0.16561144
BITSTAMP_SPOT_BTC_USD,2022-02-28T00:03:02.2990000Z,2022-02-28T00:03:02.3125414Z,37632.25,0.38,37605.32,0.16561144
BITSTAMP_SPOT_BTC_USD,2022-02-28T00:03:02.6290000Z,2022-02-28T00:03:02.6518944Z,37632.24,0.587,37605.32,0.16561144
BITSTAMP_SPOT_BTC_USD,2022-02-28T00:03:02.6970000Z,2022-02-28T00:03:02.7105725Z,37630.36,0.38,37605.32,0.16561144
BITSTAMP_SPOT_BTC_USD,2022-02-28T00:03:02.8040000Z,2022-02-28T00:03:02.8341512Z,37630.36,0.38,37599.04,0.18387097
BITSTAMP_SPOT_BTC_USD,2022-02-28T00:03:02.8970000Z,2022-02-28T00:03:02.9104515Z,37630.35,0.53711004,37602.62,0.16574627
BITSTAMP_SPOT_BTC_USD,2022-02-28T00:03:03.0000000Z,2022-02-28T00:03:03.0365535Z,37628.47,0.38,37599.04,0.18387097
BITSTAMP_SPOT_BTC_USD,2022-02-28T00:03:03.0980000Z,2022-02-28T00:03:03.1113846Z,37628.46,0.1,37599.04,0.18387097
BITSTAMP_SPOT_BTC_USD,2022-02-28T00:03:03.2050000Z,2022-02-28T00:03:03.2416791Z,37617.28,0.1656761,37599.04,0.18387097
BITSTAMP_SPOT_BTC_USD,2022-02-28T00:03:03.2980000Z,2022-02-28T00:03:03.3223797Z,37624.48,0.05,37599.04,0.18387097
BITSTAMP_SPOT_BTC_USD,2022-02-28T00:03:03.4060000Z,2022-02-28T00:03:03.4291628Z,37620.38,0.16615317,37599.04,0.18387097
BITSTAMP_SPOT_BTC_USD,2022-02-28T00:03:03.4980000Z,2022-02-28T00:03:03.5100687Z,37620.38,0.16615317,37599.16,0.152
BITSTAMP_SPOT_BTC_USD,2022-02-28T00:03:03.6000000Z,2022-02-28T00:03:03.6177560Z,37624.47,0.587,37599.17,0.02
BITSTAMP_SPOT_BTC_USD,2022-02-28T00:03:03.6970000Z,2022-02-28T00:03:03.7101708Z,37622.88,0.16560118,37604.97,0.152
BITSTAMP_SPOT_BTC_USD,2022-02-28T00:03:03.8000000Z,2022-02-28T00:03:03.8257092Z,37622.88,0.16560118,37604.97,0.38
BITSTAMP_SPOT_BTC_USD,2022-02-28T00:03:03.9010000Z,2022-02-28T00:03:03.9137066Z,37628.14,0.05,37604.97,0.38
BITSTAMP_SPOT_BTC_USD,2022-02-28T00:03:04.0040000Z,2022-02-28T00:03:04.0344835Z,37627.79,0.16570481,37606.86,0.38
BITSTAMP_SPOT_BTC_USD,2022-02-28T00:03:04.2220000Z,2022-02-28T00:03:04.2424154Z,37627.79,0.16570481,37608.21,0.16602726
BITSTAMP_SPOT_BTC_USD,2022-02-28T00:03:04.6980000Z,2022-02-28T00:03:04.7111024Z,37627.02,0.38,37599.04,0.18387097
BITSTAMP_SPOT_BTC_USD,2022-02-28T00:03:04.8230000Z,2022-02-28T00:03:04.8514438Z,37627.02,0.38,37606.01,0.16609831
